
<?xml version="1.0" encoding="UTF-8"?>
<record xmlns="http://www.loc.gov/MARC21/slim">
  <leader>     naa a22        4500</leader>
  <controlfield tag="001">1832715655</controlfield>
  <controlfield tag="003">DE-627</controlfield>
  <controlfield tag="005">20230130193745.0</controlfield>
  <controlfield tag="007">cr uuu---uuuuu</controlfield>
  <controlfield tag="008">230130s2022    xx |||||o     00| ||eng c</controlfield>
  <datafield tag="035" ind1=" " ind2=" ">
    <subfield code="a">(DE-627)1832715655</subfield>
  </datafield>
  <datafield tag="035" ind1=" " ind2=" ">
    <subfield code="a">(DE-599)KXP1832715655</subfield>
  </datafield>
  <datafield tag="040" ind1=" " ind2=" ">
    <subfield code="a">DE-627</subfield>
    <subfield code="b">ger</subfield>
    <subfield code="c">DE-627</subfield>
    <subfield code="e">rda</subfield>
  </datafield>
  <datafield tag="041" ind1=" " ind2=" ">
    <subfield code="a">eng</subfield>
  </datafield>
  <datafield tag="100" ind1="1" ind2=" ">
    <subfield code="a">Walsh, Carl E.</subfield>
    <subfield code="d">1949-</subfield>
    <subfield code="e">VerfasserIn</subfield>
    <subfield code="0">(DE-588)143460943</subfield>
    <subfield code="0">(DE-627)646111833</subfield>
    <subfield code="4">aut</subfield>
  </datafield>
  <datafield tag="245" ind1="1" ind2="0">
    <subfield code="a">Inflation surges and monetary policy</subfield>
    <subfield code="c">keynote speech by Carl E. Walsh</subfield>
  </datafield>
  <datafield tag="264" ind1=" " ind2="1">
    <subfield code="c">2022</subfield>
  </datafield>
  <datafield tag="336" ind1=" " ind2=" ">
    <subfield code="a">Text</subfield>
    <subfield code="b">txt</subfield>
    <subfield code="2">rdacontent</subfield>
  </datafield>
  <datafield tag="337" ind1=" " ind2=" ">
    <subfield code="a">Computermedien</subfield>
    <subfield code="b">c</subfield>
    <subfield code="2">rdamedia</subfield>
  </datafield>
  <datafield tag="338" ind1=" " ind2=" ">
    <subfield code="a">Online-Ressource</subfield>
    <subfield code="b">cr</subfield>
    <subfield code="2">rdacarrier</subfield>
  </datafield>
  <datafield tag="650" ind1=" " ind2="4">
    <subfield code="a">Inflation</subfield>
  </datafield>
  <datafield tag="650" ind1=" " ind2="4">
    <subfield code="a">Monetary policy</subfield>
  </datafield>
  <datafield tag="650" ind1=" " ind2="4">
    <subfield code="a">COVID-19</subfield>
  </datafield>
  <datafield tag="655" ind1=" " ind2="4">
    <subfield code="a">Aufsatz in Zeitschrift</subfield>
    <subfield code="5">DE-206</subfield>
  </datafield>
  <datafield tag="773" ind1="0" ind2="8">
    <subfield code="i">Enthalten in</subfield>
    <subfield code="t">Monetary and economic studies</subfield>
    <subfield code="d">Tokyo, 1983</subfield>
    <subfield code="d">Tokyo, 1983</subfield>
    <subfield code="g">40(2022) vom: Nov., Seite 39-66</subfield>
    <subfield code="h">Online-Ressource</subfield>
    <subfield code="h">Online-Ressource</subfield>
    <subfield code="w">(DE-627)392460823</subfield>
    <subfield code="w">(DE-600)2157869-2</subfield>
    <subfield code="w">(DE-576)281255970</subfield>
    <subfield code="x">0288-8432</subfield>
    <subfield code="7">nnns</subfield>
  </datafield>
  <datafield tag="773" ind1="1" ind2="8">
    <subfield code="g">volume:40</subfield>
    <subfield code="g">year:2022</subfield>
    <subfield code="g">month:11</subfield>
    <subfield code="g">pages:39-66</subfield>
  </datafield>
  <datafield tag="856" ind1="4" ind2="0">
    <subfield code="u">https://www.imes.boj.or.jp/research/papers/english/me40-4.pdf</subfield>
    <subfield code="x">Verlag</subfield>
    <subfield code="z">kostenfrei</subfield>
  </datafield>
  <datafield tag="936" ind1="u" ind2="w">
    <subfield code="d">40</subfield>
    <subfield code="j">2022</subfield>
    <subfield code="c">11</subfield>
    <subfield code="h">39-66</subfield>
  </datafield>
  <datafield tag="951" ind1=" " ind2=" ">
    <subfield code="a">AR</subfield>
  </datafield>
  <datafield tag="952" ind1=" " ind2=" ">
    <subfield code="d">40</subfield>
    <subfield code="j">2022</subfield>
    <subfield code="c">11</subfield>
    <subfield code="h">39-66</subfield>
  </datafield>
  <datafield tag="980" ind1=" " ind2=" ">
    <subfield code="2">26</subfield>
    <subfield code="1">01</subfield>
    <subfield code="x">0206</subfield>
    <subfield code="b">4255262063</subfield>
    <subfield code="h">DA:ras</subfield>
    <subfield code="y">x1z</subfield>
    <subfield code="z">30-01-23</subfield>
  </datafield>
  <datafield tag="981" ind1=" " ind2=" ">
    <subfield code="2">26</subfield>
    <subfield code="1">01</subfield>
    <subfield code="x">0206</subfield>
    <subfield code="y">Zugriff nur an Arbeitsplätzen in der ZBW</subfield>
    <subfield code="y">ZZ</subfield>
    <subfield code="r">https://hdl.handle.net/11159/13098</subfield>
  </datafield>
  <datafield tag="995" ind1=" " ind2=" ">
    <subfield code="2">26</subfield>
    <subfield code="1">01</subfield>
    <subfield code="x">0206</subfield>
    <subfield code="a">DA:ras</subfield>
  </datafield>
</record>