
<?xml version="1.0" encoding="UTF-8"?>
<record xmlns="http://www.loc.gov/MARC21/slim">
  <leader>     cam a22        4500</leader>
  <controlfield tag="001">1831783916</controlfield>
  <controlfield tag="003">DE-627</controlfield>
  <controlfield tag="005">20230213104429.0</controlfield>
  <controlfield tag="007">cr uuu---uuuuu</controlfield>
  <controlfield tag="008">230123s2022    sa |||||o     00| ||eng c</controlfield>
  <datafield tag="035" ind1=" " ind2=" ">
    <subfield code="a">(DE-627)1831783916</subfield>
  </datafield>
  <datafield tag="035" ind1=" " ind2=" ">
    <subfield code="a">(DE-599)KXP1831783916</subfield>
  </datafield>
  <datafield tag="040" ind1=" " ind2=" ">
    <subfield code="a">DE-627</subfield>
    <subfield code="b">ger</subfield>
    <subfield code="c">DE-627</subfield>
    <subfield code="e">rda</subfield>
  </datafield>
  <datafield tag="041" ind1=" " ind2=" ">
    <subfield code="a">eng</subfield>
  </datafield>
  <datafield tag="044" ind1=" " ind2=" ">
    <subfield code="c">XC-ZA</subfield>
  </datafield>
  <datafield tag="100" ind1="1" ind2=" ">
    <subfield code="a">Sachs, Michael</subfield>
    <subfield code="e">VerfasserIn</subfield>
    <subfield code="0">(DE-588)1249769256</subfield>
    <subfield code="0">(DE-627)1786295105</subfield>
    <subfield code="4">aut</subfield>
  </datafield>
  <datafield tag="245" ind1="1" ind2="0">
    <subfield code="a">Public services, government employment and the budget</subfield>
    <subfield code="c">the lead authors on this publication were Michael Sachs, Arabo Ewinyu and Olwethu Shedi</subfield>
  </datafield>
  <datafield tag="264" ind1=" " ind2="1">
    <subfield code="a">[Johannesburg]</subfield>
    <subfield code="b">University of the Witwatersrand, Johannesburg</subfield>
    <subfield code="c">October 2022</subfield>
  </datafield>
  <datafield tag="300" ind1=" " ind2=" ">
    <subfield code="a">1 Online-Ressource (circa 63 Seiten)</subfield>
    <subfield code="b">Illustrationen</subfield>
  </datafield>
  <datafield tag="336" ind1=" " ind2=" ">
    <subfield code="a">Text</subfield>
    <subfield code="b">txt</subfield>
    <subfield code="2">rdacontent</subfield>
  </datafield>
  <datafield tag="337" ind1=" " ind2=" ">
    <subfield code="a">Computermedien</subfield>
    <subfield code="b">c</subfield>
    <subfield code="2">rdamedia</subfield>
  </datafield>
  <datafield tag="338" ind1=" " ind2=" ">
    <subfield code="a">Online-Ressource</subfield>
    <subfield code="b">cr</subfield>
    <subfield code="2">rdacarrier</subfield>
  </datafield>
  <datafield tag="490" ind1="1" ind2=" ">
    <subfield code="a">Public economy project</subfield>
  </datafield>
  <datafield tag="490" ind1="0" ind2=" ">
    <subfield code="a">SCIS working paper</subfield>
    <subfield code="v">number 39</subfield>
  </datafield>
  <datafield tag="500" ind1=" " ind2=" ">
    <subfield code="a">Datei wurde von der herausgebenden Institution entfernt</subfield>
  </datafield>
  <datafield tag="650" ind1=" " ind2="7">
    <subfield code="8">1.1\x</subfield>
    <subfield code="a">Öffentliche Ausgaben</subfield>
    <subfield code="0">(DE-627)091380820</subfield>
    <subfield code="0">(DE-2867)11554-2</subfield>
    <subfield code="2">stw</subfield>
  </datafield>
  <datafield tag="650" ind1=" " ind2="7">
    <subfield code="8">1.2\x</subfield>
    <subfield code="a">Öffentlicher Dienst</subfield>
    <subfield code="0">(DE-627)091381053</subfield>
    <subfield code="0">(DE-2867)11559-6</subfield>
    <subfield code="2">stw</subfield>
  </datafield>
  <datafield tag="650" ind1=" " ind2="7">
    <subfield code="8">1.3\x</subfield>
    <subfield code="a">Öffentliche Dienstleistung</subfield>
    <subfield code="0">(DE-627)09138088X</subfield>
    <subfield code="0">(DE-2867)13303-3</subfield>
    <subfield code="2">stw</subfield>
  </datafield>
  <datafield tag="650" ind1=" " ind2="7">
    <subfield code="8">1.4\x</subfield>
    <subfield code="a">Bildungsfinanzierung</subfield>
    <subfield code="0">(DE-627)091351995</subfield>
    <subfield code="0">(DE-2867)18884-2</subfield>
    <subfield code="2">stw</subfield>
  </datafield>
  <datafield tag="650" ind1=" " ind2="7">
    <subfield code="8">1.5\x</subfield>
    <subfield code="a">Gesundheitsfinanzierung</subfield>
    <subfield code="0">(DE-627)091363322</subfield>
    <subfield code="0">(DE-2867)19517-3</subfield>
    <subfield code="2">stw</subfield>
  </datafield>
  <datafield tag="650" ind1=" " ind2="7">
    <subfield code="8">1.6\x</subfield>
    <subfield code="a">Polizei</subfield>
    <subfield code="0">(DE-627)091383641</subfield>
    <subfield code="0">(DE-2867)16328-0</subfield>
    <subfield code="2">stw</subfield>
  </datafield>
  <datafield tag="650" ind1=" " ind2="7">
    <subfield code="8">1.7\x</subfield>
    <subfield code="a">Finanzierung</subfield>
    <subfield code="0">(DE-627)568691245</subfield>
    <subfield code="0">(DE-2867)25742-3</subfield>
    <subfield code="2">stw</subfield>
  </datafield>
  <datafield tag="650" ind1=" " ind2="7">
    <subfield code="8">1.8\x</subfield>
    <subfield code="a">Südafrika</subfield>
    <subfield code="0">(DE-627)091393493</subfield>
    <subfield code="0">(DE-2867)17688-0</subfield>
    <subfield code="2">stw</subfield>
  </datafield>
  <datafield tag="700" ind1="1" ind2=" ">
    <subfield code="a">Ewinyu, Arabo</subfield>
    <subfield code="e">VerfasserIn</subfield>
    <subfield code="4">aut</subfield>
  </datafield>
  <datafield tag="700" ind1="1" ind2=" ">
    <subfield code="a">Shedi, Olwethu</subfield>
    <subfield code="e">VerfasserIn</subfield>
    <subfield code="4">aut</subfield>
  </datafield>
  <datafield tag="830" ind1=" " ind2="0">
    <subfield code="a">SCIS working paper</subfield>
    <subfield code="v">number 39</subfield>
    <subfield code="9">39</subfield>
    <subfield code="w">(DE-627)1778947050</subfield>
    <subfield code="w">(DE-600)3101925-0</subfield>
  </datafield>
  <datafield tag="856" ind1="4" ind2="0">
    <subfield code="u">https://www.wits.ac.za/media/wits-university/faculties-and-schools/commerce-law-and-management/research-entities/scis/documents/Public%20services,%20government%20employment%20and%20the%20budget.pdf</subfield>
    <subfield code="x">Verlag</subfield>
    <subfield code="z">lizenzpflichtig</subfield>
  </datafield>
  <datafield tag="951" ind1=" " ind2=" ">
    <subfield code="a">BO</subfield>
  </datafield>
  <datafield tag="980" ind1=" " ind2=" ">
    <subfield code="2">26</subfield>
    <subfield code="1">01</subfield>
    <subfield code="x">0206</subfield>
    <subfield code="b">425068119X</subfield>
    <subfield code="f">K:</subfield>
    <subfield code="d">ZSS 60</subfield>
    <subfield code="h">DA:ras</subfield>
    <subfield code="y">z1k</subfield>
    <subfield code="z">23-01-23</subfield>
  </datafield>
  <datafield tag="995" ind1=" " ind2=" ">
    <subfield code="2">26</subfield>
    <subfield code="1">01</subfield>
    <subfield code="x">0206</subfield>
    <subfield code="a">DA:ras</subfield>
  </datafield>
</record>