
<?xml version="1.0" encoding="UTF-8"?>
<record xmlns="http://www.loc.gov/MARC21/slim">
  <leader>     nam a22        4500</leader>
  <controlfield tag="001">1830802569</controlfield>
  <controlfield tag="003">DE-627</controlfield>
  <controlfield tag="005">20230111114742.0</controlfield>
  <controlfield tag="007">cr uuu---uuuuu</controlfield>
  <controlfield tag="008">230111s2022    ne |||||o     00| ||eng c</controlfield>
  <datafield tag="035" ind1=" " ind2=" ">
    <subfield code="a">(DE-627)1830802569</subfield>
  </datafield>
  <datafield tag="035" ind1=" " ind2=" ">
    <subfield code="a">(DE-599)KXP1830802569</subfield>
  </datafield>
  <datafield tag="040" ind1=" " ind2=" ">
    <subfield code="a">DE-627</subfield>
    <subfield code="b">ger</subfield>
    <subfield code="c">DE-627</subfield>
    <subfield code="e">rda</subfield>
  </datafield>
  <datafield tag="041" ind1=" " ind2=" ">
    <subfield code="a">eng</subfield>
  </datafield>
  <datafield tag="044" ind1=" " ind2=" ">
    <subfield code="c">XA-NL</subfield>
  </datafield>
  <datafield tag="100" ind1="1" ind2=" ">
    <subfield code="a">Charalambakis, Evangelos</subfield>
    <subfield code="e">VerfasserIn</subfield>
    <subfield code="0">(DE-588)1248533208</subfield>
    <subfield code="0">(DE-627)1783631392</subfield>
    <subfield code="4">aut</subfield>
  </datafield>
  <datafield tag="245" ind1="1" ind2="0">
    <subfield code="a">Who participates in the credit market during the COVID-19 pandemic?</subfield>
    <subfield code="c">Evangelos Charalambakis, Federica Teppa and Athanasios Tsiortas</subfield>
  </datafield>
  <datafield tag="264" ind1=" " ind2="1">
    <subfield code="a">Amsterdam, The Netherlands</subfield>
    <subfield code="b">De Nederlandsche Bank NV</subfield>
    <subfield code="c">[2022]</subfield>
  </datafield>
  <datafield tag="300" ind1=" " ind2=" ">
    <subfield code="a">1 Online-Ressource (circa 39 Seiten)</subfield>
  </datafield>
  <datafield tag="336" ind1=" " ind2=" ">
    <subfield code="a">Text</subfield>
    <subfield code="b">txt</subfield>
    <subfield code="2">rdacontent</subfield>
  </datafield>
  <datafield tag="337" ind1=" " ind2=" ">
    <subfield code="a">Computermedien</subfield>
    <subfield code="b">c</subfield>
    <subfield code="2">rdamedia</subfield>
  </datafield>
  <datafield tag="338" ind1=" " ind2=" ">
    <subfield code="a">Online-Ressource</subfield>
    <subfield code="b">cr</subfield>
    <subfield code="2">rdacarrier</subfield>
  </datafield>
  <datafield tag="490" ind1="1" ind2=" ">
    <subfield code="a">DNB working paper</subfield>
    <subfield code="v">no. 759 (December 2022)</subfield>
  </datafield>
  <datafield tag="650" ind1=" " ind2="4">
    <subfield code="a">Consumer debt</subfield>
  </datafield>
  <datafield tag="650" ind1=" " ind2="4">
    <subfield code="a">Liquidity constraints</subfield>
  </datafield>
  <datafield tag="650" ind1=" " ind2="4">
    <subfield code="a">COVID-19 pandemic</subfield>
  </datafield>
  <datafield tag="650" ind1=" " ind2="4">
    <subfield code="a">Consumer Expectations Survey</subfield>
  </datafield>
  <datafield tag="700" ind1="1" ind2=" ">
    <subfield code="a">Teppa, Federica</subfield>
    <subfield code="e">VerfasserIn</subfield>
    <subfield code="0">(DE-588)129523429</subfield>
    <subfield code="0">(DE-627)471009644</subfield>
    <subfield code="0">(DE-576)241632447</subfield>
    <subfield code="4">aut</subfield>
  </datafield>
  <datafield tag="700" ind1="1" ind2=" ">
    <subfield code="a">Tsiortas, Athanasios</subfield>
    <subfield code="e">VerfasserIn</subfield>
    <subfield code="4">aut</subfield>
  </datafield>
  <datafield tag="810" ind1="2" ind2=" ">
    <subfield code="a">De Nederlandsche Bank</subfield>
    <subfield code="t">DNB working papers</subfield>
    <subfield code="v">no. 759 (December 2022)</subfield>
    <subfield code="9">759</subfield>
    <subfield code="w">(DE-627)571607012</subfield>
    <subfield code="w">(DE-576)283869348</subfield>
    <subfield code="w">(DE-600)2435220-2</subfield>
  </datafield>
  <datafield tag="856" ind1="4" ind2="0">
    <subfield code="u">https://www.dnb.nl/media/bx3ldccx/working_paper_no-759.pdf</subfield>
    <subfield code="x">Verlag</subfield>
    <subfield code="z">kostenfrei</subfield>
  </datafield>
  <datafield tag="856" ind1="4" ind2="0">
    <subfield code="u">https://www.dnb.nl/en/publications/research-publications/working-paper-2022/759-who-participates-in-the-credit-market-during-the-covid-19-pandemic/</subfield>
    <subfield code="x">Verlag</subfield>
    <subfield code="z">kostenfrei</subfield>
  </datafield>
  <datafield tag="951" ind1=" " ind2=" ">
    <subfield code="a">BO</subfield>
  </datafield>
  <datafield tag="980" ind1=" " ind2=" ">
    <subfield code="2">26</subfield>
    <subfield code="1">01</subfield>
    <subfield code="x">0206</subfield>
    <subfield code="b">4246065331</subfield>
    <subfield code="f">K:</subfield>
    <subfield code="d">ZSS 28</subfield>
    <subfield code="h">DA:ras</subfield>
    <subfield code="y">z1k</subfield>
    <subfield code="z">11-01-23</subfield>
  </datafield>
  <datafield tag="981" ind1=" " ind2=" ">
    <subfield code="2">26</subfield>
    <subfield code="1">01</subfield>
    <subfield code="x">0206</subfield>
    <subfield code="y">Zugriff nur an Arbeitsplätzen in der ZBW</subfield>
    <subfield code="y">ZZ</subfield>
    <subfield code="r">https://hdl.handle.net/11159/13064</subfield>
  </datafield>
  <datafield tag="995" ind1=" " ind2=" ">
    <subfield code="2">26</subfield>
    <subfield code="1">01</subfield>
    <subfield code="x">0206</subfield>
    <subfield code="a">DA:ras</subfield>
  </datafield>
</record>