
<?xml version="1.0" encoding="UTF-8"?>
<record xmlns="http://www.loc.gov/MARC21/slim">
  <leader>     cam a22        4500</leader>
  <controlfield tag="001">1828215767</controlfield>
  <controlfield tag="003">DE-627</controlfield>
  <controlfield tag="005">20230119100506.0</controlfield>
  <controlfield tag="007">cr uuu---uuuuu</controlfield>
  <controlfield tag="008">221221s2022    nz |||||o     00| ||eng c</controlfield>
  <datafield tag="035" ind1=" " ind2=" ">
    <subfield code="a">(DE-627)1828215767</subfield>
  </datafield>
  <datafield tag="035" ind1=" " ind2=" ">
    <subfield code="a">(DE-599)KXP1828215767</subfield>
  </datafield>
  <datafield tag="040" ind1=" " ind2=" ">
    <subfield code="a">DE-627</subfield>
    <subfield code="b">ger</subfield>
    <subfield code="c">DE-627</subfield>
    <subfield code="e">rda</subfield>
  </datafield>
  <datafield tag="041" ind1=" " ind2=" ">
    <subfield code="a">eng</subfield>
  </datafield>
  <datafield tag="044" ind1=" " ind2=" ">
    <subfield code="c">XE-NZ</subfield>
  </datafield>
  <datafield tag="100" ind1="1" ind2=" ">
    <subfield code="a">Sanderson, Lynda</subfield>
    <subfield code="e">VerfasserIn</subfield>
    <subfield code="0">(DE-588)1060079771</subfield>
    <subfield code="0">(DE-627)799221686</subfield>
    <subfield code="4">aut</subfield>
  </datafield>
  <datafield tag="245" ind1="1" ind2="0">
    <subfield code="a">Does high-speed internet boost exporting?</subfield>
    <subfield code="c">authors: Lynda Sanderson, Garrick Wright-McNaughton, and Naomitsu Yashiro</subfield>
  </datafield>
  <datafield tag="264" ind1=" " ind2="1">
    <subfield code="a">Wellington, New Zealand</subfield>
    <subfield code="b">Productivity Commission</subfield>
    <subfield code="c">December 2022</subfield>
  </datafield>
  <datafield tag="300" ind1=" " ind2=" ">
    <subfield code="a">1 Online-Ressource (circa 48 Seiten)</subfield>
    <subfield code="b">Illustrationen</subfield>
  </datafield>
  <datafield tag="336" ind1=" " ind2=" ">
    <subfield code="a">Text</subfield>
    <subfield code="b">txt</subfield>
    <subfield code="2">rdacontent</subfield>
  </datafield>
  <datafield tag="337" ind1=" " ind2=" ">
    <subfield code="a">Computermedien</subfield>
    <subfield code="b">c</subfield>
    <subfield code="2">rdamedia</subfield>
  </datafield>
  <datafield tag="338" ind1=" " ind2=" ">
    <subfield code="a">Online-Ressource</subfield>
    <subfield code="b">cr</subfield>
    <subfield code="2">rdacarrier</subfield>
  </datafield>
  <datafield tag="490" ind1="1" ind2=" ">
    <subfield code="a">Working paper$nNew Zealand Productivity Commission</subfield>
    <subfield code="v">2022, 02</subfield>
  </datafield>
  <datafield tag="540" ind1=" " ind2=" ">
    <subfield code="q">DE-206</subfield>
    <subfield code="a">Namensnennung 4.0 International</subfield>
    <subfield code="f">CC BY 4.0</subfield>
    <subfield code="2">cc</subfield>
    <subfield code="u">https://creativecommons.org/licenses/by/4.0/</subfield>
  </datafield>
  <datafield tag="650" ind1=" " ind2="4">
    <subfield code="a">High-speed internet</subfield>
  </datafield>
  <datafield tag="650" ind1=" " ind2="4">
    <subfield code="a">UFB</subfield>
  </datafield>
  <datafield tag="650" ind1=" " ind2="4">
    <subfield code="a">Export propensity</subfield>
  </datafield>
  <datafield tag="650" ind1=" " ind2="4">
    <subfield code="a">Digital capability</subfield>
  </datafield>
  <datafield tag="655" ind1=" " ind2="7">
    <subfield code="a">Amtliche Publikation</subfield>
    <subfield code="0">(DE-588)4142300-8</subfield>
    <subfield code="0">(DE-627)105614165</subfield>
    <subfield code="0">(DE-576)209717653</subfield>
    <subfield code="2">gnd-content</subfield>
  </datafield>
  <datafield tag="700" ind1="1" ind2=" ">
    <subfield code="a">Wright-McNaughton, Garrick</subfield>
    <subfield code="e">VerfasserIn</subfield>
    <subfield code="0">(DE-588)1278588752</subfield>
    <subfield code="0">(DE-627)1831495384</subfield>
    <subfield code="4">aut</subfield>
  </datafield>
  <datafield tag="700" ind1="1" ind2=" ">
    <subfield code="a">Yashiro, Naomitsu</subfield>
    <subfield code="e">VerfasserIn</subfield>
    <subfield code="4">aut</subfield>
  </datafield>
  <datafield tag="830" ind1=" " ind2="0">
    <subfield code="a">Working paper</subfield>
    <subfield code="v">2022, 02</subfield>
    <subfield code="9">2022,2</subfield>
    <subfield code="w">(DE-627)1777512042</subfield>
    <subfield code="w">(DE-600)3101018-0</subfield>
  </datafield>
  <datafield tag="856" ind1="4" ind2="0">
    <subfield code="u">https://www.productivity.govt.nz/assets/Documents/High-speed-internet-and-exporting-Final-WP.pdf</subfield>
    <subfield code="x">Verlag</subfield>
    <subfield code="z">kostenfrei</subfield>
  </datafield>
  <datafield tag="856" ind1="4" ind2="0">
    <subfield code="u">https://www.productivity.govt.nz/research/does-high-speed-internet-boost-exporting/</subfield>
    <subfield code="x">Verlag</subfield>
    <subfield code="z">kostenfrei</subfield>
  </datafield>
  <datafield tag="951" ind1=" " ind2=" ">
    <subfield code="a">BO</subfield>
  </datafield>
  <datafield tag="980" ind1=" " ind2=" ">
    <subfield code="2">26</subfield>
    <subfield code="1">01</subfield>
    <subfield code="x">0206</subfield>
    <subfield code="b">4237255387</subfield>
    <subfield code="f">K:</subfield>
    <subfield code="d">ZSS 47</subfield>
    <subfield code="h">DA:ras</subfield>
    <subfield code="y">z1k</subfield>
    <subfield code="z">21-12-22</subfield>
  </datafield>
  <datafield tag="981" ind1=" " ind2=" ">
    <subfield code="2">26</subfield>
    <subfield code="1">01</subfield>
    <subfield code="x">0206</subfield>
    <subfield code="y">Zugriff nur an Arbeitsplätzen in der ZBW</subfield>
    <subfield code="y">ZZ</subfield>
    <subfield code="r">https://hdl.handle.net/11159/13053</subfield>
  </datafield>
  <datafield tag="995" ind1=" " ind2=" ">
    <subfield code="2">26</subfield>
    <subfield code="1">01</subfield>
    <subfield code="x">0206</subfield>
    <subfield code="a">DA:ras</subfield>
  </datafield>
</record>