
<?xml version="1.0" encoding="UTF-8"?>
<record xmlns="http://www.loc.gov/MARC21/slim">
  <leader>     cam a22        4500</leader>
  <controlfield tag="001">1826727302</controlfield>
  <controlfield tag="003">DE-627</controlfield>
  <controlfield tag="005">20221213082044.0</controlfield>
  <controlfield tag="007">cr uuu---uuuuu</controlfield>
  <controlfield tag="008">221209s2022    ne |||||o     00| ||dut c</controlfield>
  <datafield tag="035" ind1=" " ind2=" ">
    <subfield code="a">(DE-627)1826727302</subfield>
  </datafield>
  <datafield tag="035" ind1=" " ind2=" ">
    <subfield code="a">(DE-599)KXP1826727302</subfield>
  </datafield>
  <datafield tag="040" ind1=" " ind2=" ">
    <subfield code="a">DE-627</subfield>
    <subfield code="b">ger</subfield>
    <subfield code="c">DE-627</subfield>
    <subfield code="e">rda</subfield>
  </datafield>
  <datafield tag="041" ind1=" " ind2=" ">
    <subfield code="a">dut</subfield>
  </datafield>
  <datafield tag="044" ind1=" " ind2=" ">
    <subfield code="c">XA-NL</subfield>
  </datafield>
  <datafield tag="100" ind1="1" ind2=" ">
    <subfield code="a">Wilthagen, Ton</subfield>
    <subfield code="e">VerfasserIn</subfield>
    <subfield code="0">(DE-588)171729897</subfield>
    <subfield code="0">(DE-627)061967491</subfield>
    <subfield code="0">(DE-576)132501635</subfield>
    <subfield code="4">aut</subfield>
  </datafield>
  <datafield tag="245" ind1="1" ind2="4">
    <subfield code="a">Het pensioenperspectief van basisbanen</subfield>
    <subfield code="c">Ton Wilthagen, Zeger Kluit, Michael Visser</subfield>
  </datafield>
  <datafield tag="264" ind1=" " ind2="1">
    <subfield code="a">[Tilburg]</subfield>
    <subfield code="b">Netspar, Network for Studies on Pensions, Aging and Retirement</subfield>
    <subfield code="c">oktober 2022</subfield>
  </datafield>
  <datafield tag="300" ind1=" " ind2=" ">
    <subfield code="a">1 Online-Ressource (circa 52 Seiten)</subfield>
  </datafield>
  <datafield tag="336" ind1=" " ind2=" ">
    <subfield code="a">Text</subfield>
    <subfield code="b">txt</subfield>
    <subfield code="2">rdacontent</subfield>
  </datafield>
  <datafield tag="337" ind1=" " ind2=" ">
    <subfield code="a">Computermedien</subfield>
    <subfield code="b">c</subfield>
    <subfield code="2">rdamedia</subfield>
  </datafield>
  <datafield tag="338" ind1=" " ind2=" ">
    <subfield code="a">Online-Ressource</subfield>
    <subfield code="b">cr</subfield>
    <subfield code="2">rdacarrier</subfield>
  </datafield>
  <datafield tag="490" ind1="1" ind2=" ">
    <subfield code="a">Netspar industry series</subfield>
    <subfield code="a">Design paper</subfield>
    <subfield code="v">217</subfield>
  </datafield>
  <datafield tag="546" ind1=" " ind2=" ">
    <subfield code="a">Zusammenfassung in englischer Sprache</subfield>
  </datafield>
  <datafield tag="650" ind1=" " ind2="7">
    <subfield code="8">1.1\x</subfield>
    <subfield code="a">Behinderte Arbeitskräfte</subfield>
    <subfield code="0">(DE-627)09135014X</subfield>
    <subfield code="0">(DE-2867)11269-1</subfield>
    <subfield code="2">stw</subfield>
  </datafield>
  <datafield tag="650" ind1=" " ind2="7">
    <subfield code="8">1.2\x</subfield>
    <subfield code="a">Ungelernte Arbeitskräfte</subfield>
    <subfield code="0">(DE-627)09139628X</subfield>
    <subfield code="0">(DE-2867)11282-2</subfield>
    <subfield code="2">stw</subfield>
  </datafield>
  <datafield tag="650" ind1=" " ind2="7">
    <subfield code="8">1.3\x</subfield>
    <subfield code="a">Zweiter Arbeitsmarkt</subfield>
    <subfield code="0">(DE-627)091389011</subfield>
    <subfield code="0">(DE-2867)11233-1</subfield>
    <subfield code="2">stw</subfield>
  </datafield>
  <datafield tag="650" ind1=" " ind2="7">
    <subfield code="8">1.4\x</subfield>
    <subfield code="a">Rentenfinanzierung</subfield>
    <subfield code="0">(DE-627)091386551</subfield>
    <subfield code="0">(DE-2867)16539-1</subfield>
    <subfield code="2">stw</subfield>
  </datafield>
  <datafield tag="650" ind1=" " ind2="7">
    <subfield code="8">1.5\x</subfield>
    <subfield code="a">Niederlande</subfield>
    <subfield code="0">(DE-627)091380170</subfield>
    <subfield code="0">(DE-2867)17433-5</subfield>
    <subfield code="2">stw</subfield>
  </datafield>
  <datafield tag="700" ind1="1" ind2=" ">
    <subfield code="a">Kluit, Zeger</subfield>
    <subfield code="e">VerfasserIn</subfield>
    <subfield code="4">aut</subfield>
  </datafield>
  <datafield tag="700" ind1="1" ind2=" ">
    <subfield code="a">Visser, Michael S.</subfield>
    <subfield code="d">1976-</subfield>
    <subfield code="e">VerfasserIn</subfield>
    <subfield code="0">(DE-588)13241953X</subfield>
    <subfield code="0">(DE-627)522686141</subfield>
    <subfield code="0">(DE-576)299134407</subfield>
    <subfield code="4">aut</subfield>
  </datafield>
  <datafield tag="830" ind1=" " ind2="0">
    <subfield code="a">Netspar industry series</subfield>
    <subfield code="p">Design paper</subfield>
    <subfield code="v">217</subfield>
    <subfield code="9">217</subfield>
    <subfield code="w">(DE-627)1777398665</subfield>
    <subfield code="w">(DE-600)3100833-1</subfield>
  </datafield>
  <datafield tag="856" ind1="4" ind2="0">
    <subfield code="u">https://www.netspar.nl//assets/uploads/P20221129_Netspar-Design-Paper-217-WEB.pdf</subfield>
    <subfield code="x">Verlag</subfield>
    <subfield code="z">kostenfrei</subfield>
  </datafield>
  <datafield tag="856" ind1="4" ind2="0">
    <subfield code="u">https://www.netspar.nl/publicatie/het-pensioenperspectief-van-basisbanen/</subfield>
    <subfield code="x">Verlag</subfield>
    <subfield code="z">kostenfrei</subfield>
  </datafield>
  <datafield tag="951" ind1=" " ind2=" ">
    <subfield code="a">BO</subfield>
  </datafield>
  <datafield tag="980" ind1=" " ind2=" ">
    <subfield code="2">26</subfield>
    <subfield code="1">01</subfield>
    <subfield code="x">0206</subfield>
    <subfield code="b">4228766668</subfield>
    <subfield code="f">K:</subfield>
    <subfield code="d">ZSS 68</subfield>
    <subfield code="e">g</subfield>
    <subfield code="h">DA:ras</subfield>
    <subfield code="y">z1k</subfield>
    <subfield code="z">09-12-22</subfield>
  </datafield>
  <datafield tag="981" ind1=" " ind2=" ">
    <subfield code="2">26</subfield>
    <subfield code="1">01</subfield>
    <subfield code="x">0206</subfield>
    <subfield code="y">Zugriff nur an Arbeitsplätzen in der ZBW</subfield>
    <subfield code="y">ZZ</subfield>
    <subfield code="r">https://hdl.handle.net/11159/13038</subfield>
  </datafield>
  <datafield tag="995" ind1=" " ind2=" ">
    <subfield code="2">26</subfield>
    <subfield code="1">01</subfield>
    <subfield code="x">0206</subfield>
    <subfield code="a">DA:ras</subfield>
  </datafield>
</record>