
<?xml version="1.0" encoding="UTF-8"?>
<record xmlns="http://www.loc.gov/MARC21/slim">
  <leader>     caa a22        4500</leader>
  <controlfield tag="001">1823729088</controlfield>
  <controlfield tag="003">DE-627</controlfield>
  <controlfield tag="005">20230124132734.0</controlfield>
  <controlfield tag="007">cr uuu---uuuuu</controlfield>
  <controlfield tag="008">221128s2022    xx |||||o     00| ||eng c</controlfield>
  <datafield tag="035" ind1=" " ind2=" ">
    <subfield code="a">(DE-627)1823729088</subfield>
  </datafield>
  <datafield tag="035" ind1=" " ind2=" ">
    <subfield code="a">(DE-599)KXP1823729088</subfield>
  </datafield>
  <datafield tag="040" ind1=" " ind2=" ">
    <subfield code="a">DE-627</subfield>
    <subfield code="b">ger</subfield>
    <subfield code="c">DE-627</subfield>
    <subfield code="e">rda</subfield>
  </datafield>
  <datafield tag="041" ind1=" " ind2=" ">
    <subfield code="a">eng</subfield>
  </datafield>
  <datafield tag="100" ind1="1" ind2=" ">
    <subfield code="a">David, Joseph Iswante</subfield>
    <subfield code="e">VerfasserIn</subfield>
    <subfield code="4">aut</subfield>
  </datafield>
  <datafield tag="245" ind1="1" ind2="0">
    <subfield code="a">Contribution of internal audits on the effectiveness of procurement assignments in Tanzania&apos;s Local Government Authorities (LGAs)</subfield>
    <subfield code="c">Joseph Iswante David</subfield>
  </datafield>
  <datafield tag="264" ind1=" " ind2="1">
    <subfield code="c">2022</subfield>
  </datafield>
  <datafield tag="336" ind1=" " ind2=" ">
    <subfield code="a">Text</subfield>
    <subfield code="b">txt</subfield>
    <subfield code="2">rdacontent</subfield>
  </datafield>
  <datafield tag="337" ind1=" " ind2=" ">
    <subfield code="a">Computermedien</subfield>
    <subfield code="b">c</subfield>
    <subfield code="2">rdamedia</subfield>
  </datafield>
  <datafield tag="338" ind1=" " ind2=" ">
    <subfield code="a">Online-Ressource</subfield>
    <subfield code="b">cr</subfield>
    <subfield code="2">rdacarrier</subfield>
  </datafield>
  <datafield tag="650" ind1=" " ind2="4">
    <subfield code="a">effectiveness</subfield>
  </datafield>
  <datafield tag="650" ind1=" " ind2="4">
    <subfield code="a">internal audit effectiveness</subfield>
  </datafield>
  <datafield tag="650" ind1=" " ind2="4">
    <subfield code="a">effective procurement</subfield>
  </datafield>
  <datafield tag="650" ind1=" " ind2="4">
    <subfield code="a">internal audit competency</subfield>
  </datafield>
  <datafield tag="650" ind1=" " ind2="4">
    <subfield code="a">internal audit independence</subfield>
  </datafield>
  <datafield tag="650" ind1=" " ind2="4">
    <subfield code="a">internal audit procedures</subfield>
  </datafield>
  <datafield tag="650" ind1=" " ind2="4">
    <subfield code="a">and procurement</subfield>
  </datafield>
  <datafield tag="655" ind1=" " ind2="4">
    <subfield code="a">Aufsatz in Zeitschrift</subfield>
    <subfield code="5">DE-206</subfield>
  </datafield>
  <datafield tag="773" ind1="0" ind2="8">
    <subfield code="i">Enthalten in</subfield>
    <subfield code="t">Tanzania economic review</subfield>
    <subfield code="d">Dar es Salaam-TANZANIA : [Department of Economics], 2013</subfield>
    <subfield code="d">Dar es Salaam-TANZANIA : [Department of Economics], 2013</subfield>
    <subfield code="g">12(2022), 1 vom: Juni, Seite 93-110</subfield>
    <subfield code="h">Online-Ressource</subfield>
    <subfield code="h">Online-Ressource</subfield>
    <subfield code="w">(DE-627)1011866382</subfield>
    <subfield code="w">(DE-600)2918198-7</subfield>
    <subfield code="w">(DE-576)497840146</subfield>
    <subfield code="x">2507-7740</subfield>
    <subfield code="7">nnns</subfield>
  </datafield>
  <datafield tag="773" ind1="1" ind2="8">
    <subfield code="g">volume:12</subfield>
    <subfield code="g">year:2022</subfield>
    <subfield code="g">number:1</subfield>
    <subfield code="g">month:06</subfield>
    <subfield code="g">pages:93-110</subfield>
  </datafield>
  <datafield tag="856" ind1="4" ind2="0">
    <subfield code="u">https://journals.udsm.ac.tz/index.php/ter/article/download/5005/4265</subfield>
    <subfield code="x">Verlag</subfield>
    <subfield code="z">kostenfrei</subfield>
  </datafield>
  <datafield tag="856" ind1="4" ind2="0">
    <subfield code="u">https://journals.udsm.ac.tz/index.php/ter/article/view/5005</subfield>
    <subfield code="x">Resolving-System</subfield>
    <subfield code="z">kostenfrei</subfield>
  </datafield>
  <datafield tag="936" ind1="u" ind2="w">
    <subfield code="d">12</subfield>
    <subfield code="j">2022</subfield>
    <subfield code="e">1</subfield>
    <subfield code="c">6</subfield>
    <subfield code="h">93-110</subfield>
  </datafield>
  <datafield tag="951" ind1=" " ind2=" ">
    <subfield code="a">AR</subfield>
  </datafield>
  <datafield tag="952" ind1=" " ind2=" ">
    <subfield code="d">12</subfield>
    <subfield code="j">2022</subfield>
    <subfield code="e">1</subfield>
    <subfield code="c">6</subfield>
    <subfield code="h">93-110</subfield>
  </datafield>
  <datafield tag="980" ind1=" " ind2=" ">
    <subfield code="2">26</subfield>
    <subfield code="1">01</subfield>
    <subfield code="x">0206</subfield>
    <subfield code="b">4220992146</subfield>
    <subfield code="h">DA:ras</subfield>
    <subfield code="y">x1z</subfield>
    <subfield code="z">28-11-22</subfield>
  </datafield>
  <datafield tag="981" ind1=" " ind2=" ">
    <subfield code="2">26</subfield>
    <subfield code="1">01</subfield>
    <subfield code="x">0206</subfield>
    <subfield code="y">Zugriff nur an Arbeitsplätzen in der ZBW</subfield>
    <subfield code="y">ZZ</subfield>
    <subfield code="r">http://hdl.handle.net/11159/7434</subfield>
  </datafield>
  <datafield tag="981" ind1=" " ind2=" ">
    <subfield code="2">26</subfield>
    <subfield code="1">01</subfield>
    <subfield code="x">0206</subfield>
    <subfield code="y">Zugriff nur an Arbeitsplätzen in der ZBW</subfield>
    <subfield code="y">ZZ</subfield>
    <subfield code="r">https://hdl.handle.net/11159/13011</subfield>
  </datafield>
  <datafield tag="995" ind1=" " ind2=" ">
    <subfield code="2">26</subfield>
    <subfield code="1">01</subfield>
    <subfield code="x">0206</subfield>
    <subfield code="a">DA:ras</subfield>
  </datafield>
</record>