
<?xml version="1.0" encoding="UTF-8"?>
<record xmlns="http://www.loc.gov/MARC21/slim">
  <leader>     nam a22       c4500</leader>
  <controlfield tag="001">1823712401</controlfield>
  <controlfield tag="003">DE-627</controlfield>
  <controlfield tag="005">20221128104615.0</controlfield>
  <controlfield tag="007">cr uuu---uuuuu</controlfield>
  <controlfield tag="008">221128s2022    xx |||||o     00| ||eng c</controlfield>
  <datafield tag="020" ind1=" " ind2=" ">
    <subfield code="a">9781528633666</subfield>
    <subfield code="9">978-1-5286-3366-6</subfield>
  </datafield>
  <datafield tag="035" ind1=" " ind2=" ">
    <subfield code="a">(DE-627)1823712401</subfield>
  </datafield>
  <datafield tag="035" ind1=" " ind2=" ">
    <subfield code="a">(DE-599)KXP1823712401</subfield>
  </datafield>
  <datafield tag="040" ind1=" " ind2=" ">
    <subfield code="a">DE-627</subfield>
    <subfield code="b">ger</subfield>
    <subfield code="c">DE-627</subfield>
    <subfield code="e">rda</subfield>
  </datafield>
  <datafield tag="041" ind1=" " ind2=" ">
    <subfield code="a">eng</subfield>
  </datafield>
  <datafield tag="245" ind1="1" ind2="0">
    <subfield code="a">Welfare trends report</subfield>
    <subfield code="n">May 2022</subfield>
  </datafield>
  <datafield tag="264" ind1=" " ind2="1">
    <subfield code="c">2022</subfield>
  </datafield>
  <datafield tag="336" ind1=" " ind2=" ">
    <subfield code="a">Text</subfield>
    <subfield code="b">txt</subfield>
    <subfield code="2">rdacontent</subfield>
  </datafield>
  <datafield tag="337" ind1=" " ind2=" ">
    <subfield code="a">Computermedien</subfield>
    <subfield code="b">c</subfield>
    <subfield code="2">rdamedia</subfield>
  </datafield>
  <datafield tag="338" ind1=" " ind2=" ">
    <subfield code="a">Online-Ressource</subfield>
    <subfield code="b">cr</subfield>
    <subfield code="2">rdacarrier</subfield>
  </datafield>
  <datafield tag="506" ind1="0" ind2=" ">
    <subfield code="a">Open Access</subfield>
    <subfield code="e">Controlled Vocabulary for Access Rights</subfield>
    <subfield code="q">DE-206</subfield>
    <subfield code="u">http://purl.org/coar/access_right/c_abf2</subfield>
  </datafield>
  <datafield tag="540" ind1=" " ind2=" ">
    <subfield code="q">DE-206</subfield>
    <subfield code="u">http://www.nationalarchives.gov.uk/doc/open-government-licence/version/3/</subfield>
  </datafield>
  <datafield tag="773" ind1="1" ind2="8">
    <subfield code="w">(DE-627)1692985582</subfield>
    <subfield code="w">(DE-600)3011862-1</subfield>
    <subfield code="g">May 2022</subfield>
    <subfield code="q">2022</subfield>
    <subfield code="7">nnns</subfield>
  </datafield>
  <datafield tag="856" ind1="4" ind2="0">
    <subfield code="u">https://obr.uk/download/welfare-trends-report-may-2022/</subfield>
    <subfield code="x">Verlag</subfield>
    <subfield code="z">kostenfrei</subfield>
  </datafield>
  <datafield tag="951" ind1=" " ind2=" ">
    <subfield code="a">JV</subfield>
  </datafield>
  <datafield tag="980" ind1=" " ind2=" ">
    <subfield code="2">26</subfield>
    <subfield code="1">01</subfield>
    <subfield code="x">0206</subfield>
    <subfield code="b">4220944648</subfield>
    <subfield code="d">ZSP 431</subfield>
    <subfield code="h">DA:ras</subfield>
    <subfield code="y">z1z</subfield>
    <subfield code="z">28-11-22</subfield>
  </datafield>
  <datafield tag="981" ind1=" " ind2=" ">
    <subfield code="2">26</subfield>
    <subfield code="1">01</subfield>
    <subfield code="x">0206</subfield>
    <subfield code="y">Zugriff nur an Arbeitsplätzen in der ZBW</subfield>
    <subfield code="y">ZZ</subfield>
    <subfield code="r">https://hdl.handle.net/11159/13005</subfield>
  </datafield>
  <datafield tag="995" ind1=" " ind2=" ">
    <subfield code="2">26</subfield>
    <subfield code="1">01</subfield>
    <subfield code="x">0206</subfield>
    <subfield code="a">DA:ras</subfield>
  </datafield>
</record>