
<?xml version="1.0" encoding="UTF-8"?>
<record xmlns="http://www.loc.gov/MARC21/slim">
  <leader>     nam a22        4500</leader>
  <controlfield tag="001">1823695795</controlfield>
  <controlfield tag="003">DE-627</controlfield>
  <controlfield tag="005">20221128071836.0</controlfield>
  <controlfield tag="007">cr uuu---uuuuu</controlfield>
  <controlfield tag="008">221128s2022    xxk|||||o     00| ||eng c</controlfield>
  <datafield tag="020" ind1=" " ind2=" ">
    <subfield code="a">9781912607198</subfield>
    <subfield code="9">978-1-912607-19-8</subfield>
  </datafield>
  <datafield tag="035" ind1=" " ind2=" ">
    <subfield code="a">(DE-627)1823695795</subfield>
  </datafield>
  <datafield tag="035" ind1=" " ind2=" ">
    <subfield code="a">(DE-599)KXP1823695795</subfield>
  </datafield>
  <datafield tag="040" ind1=" " ind2=" ">
    <subfield code="a">DE-627</subfield>
    <subfield code="b">ger</subfield>
    <subfield code="c">DE-627</subfield>
    <subfield code="e">rda</subfield>
  </datafield>
  <datafield tag="041" ind1=" " ind2=" ">
    <subfield code="a">eng</subfield>
  </datafield>
  <datafield tag="044" ind1=" " ind2=" ">
    <subfield code="c">XA-GB</subfield>
  </datafield>
  <datafield tag="100" ind1="1" ind2=" ">
    <subfield code="a">Kulkarni, Vani S.</subfield>
    <subfield code="e">VerfasserIn</subfield>
    <subfield code="0">(DE-588)171773721</subfield>
    <subfield code="0">(DE-627)062015974</subfield>
    <subfield code="0">(DE-576)132541939</subfield>
    <subfield code="4">aut</subfield>
  </datafield>
  <datafield tag="245" ind1="1" ind2="0">
    <subfield code="a">Changes in subjective wellbeing, affluence and trust in the police in India</subfield>
    <subfield code="c">Vani S. Kulkarni, Veena S. Kulkarni, Katsushi S. Imai, Raghav Gaiha</subfield>
  </datafield>
  <datafield tag="264" ind1=" " ind2="1">
    <subfield code="a">Manchester</subfield>
    <subfield code="b">The University of Manchester Global Development Institute</subfield>
    <subfield code="c">October 2022</subfield>
  </datafield>
  <datafield tag="300" ind1=" " ind2=" ">
    <subfield code="a">1 Online-Ressource (circa 35 Seiten)</subfield>
  </datafield>
  <datafield tag="336" ind1=" " ind2=" ">
    <subfield code="a">Text</subfield>
    <subfield code="b">txt</subfield>
    <subfield code="2">rdacontent</subfield>
  </datafield>
  <datafield tag="337" ind1=" " ind2=" ">
    <subfield code="a">Computermedien</subfield>
    <subfield code="b">c</subfield>
    <subfield code="2">rdamedia</subfield>
  </datafield>
  <datafield tag="338" ind1=" " ind2=" ">
    <subfield code="a">Online-Ressource</subfield>
    <subfield code="b">cr</subfield>
    <subfield code="2">rdacarrier</subfield>
  </datafield>
  <datafield tag="490" ind1="1" ind2=" ">
    <subfield code="a">Working paper series / Global Development Institute</subfield>
    <subfield code="v">061 (2022)</subfield>
  </datafield>
  <datafield tag="650" ind1=" " ind2="4">
    <subfield code="a">Subjective wellbeing</subfield>
  </datafield>
  <datafield tag="650" ind1=" " ind2="4">
    <subfield code="a">trust</subfield>
  </datafield>
  <datafield tag="650" ind1=" " ind2="4">
    <subfield code="a">police</subfield>
  </datafield>
  <datafield tag="650" ind1=" " ind2="4">
    <subfield code="a">incompetence</subfield>
  </datafield>
  <datafield tag="650" ind1=" " ind2="4">
    <subfield code="a">corruption</subfield>
  </datafield>
  <datafield tag="650" ind1=" " ind2="4">
    <subfield code="a">reforms</subfield>
  </datafield>
  <datafield tag="650" ind1=" " ind2="4">
    <subfield code="a">India</subfield>
  </datafield>
  <datafield tag="700" ind1="1" ind2=" ">
    <subfield code="a">Kulakarṇi, Vīṇā</subfield>
    <subfield code="e">VerfasserIn</subfield>
    <subfield code="0">(DE-588)101718545X</subfield>
    <subfield code="0">(DE-627)690289359</subfield>
    <subfield code="0">(DE-576)350587388</subfield>
    <subfield code="4">aut</subfield>
  </datafield>
  <datafield tag="700" ind1="1" ind2=" ">
    <subfield code="a">Imai, Katsushi S.</subfield>
    <subfield code="e">VerfasserIn</subfield>
    <subfield code="0">(DE-588)1170184065</subfield>
    <subfield code="0">(DE-627)1037616391</subfield>
    <subfield code="0">(DE-576)512420106</subfield>
    <subfield code="4">aut</subfield>
  </datafield>
  <datafield tag="700" ind1="1" ind2=" ">
    <subfield code="a">Gaiha, Raghav</subfield>
    <subfield code="e">VerfasserIn</subfield>
    <subfield code="0">(DE-588)17050090X</subfield>
    <subfield code="0">(DE-627)060600152</subfield>
    <subfield code="0">(DE-576)131381776</subfield>
    <subfield code="4">aut</subfield>
  </datafield>
  <datafield tag="830" ind1=" " ind2="0">
    <subfield code="a">Global Development Institute working paper series</subfield>
    <subfield code="v">061 (2022)</subfield>
    <subfield code="9">61</subfield>
    <subfield code="w">(DE-627)1685862543</subfield>
    <subfield code="w">(DE-600)3003592-2</subfield>
  </datafield>
  <datafield tag="856" ind1="4" ind2="0">
    <subfield code="u">https://hummedia.manchester.ac.uk/institutes/gdi/publications/workingpapers/GDI/gdi-working-paper-202261-kulkarni-kulkarni-imai-gaiha.pdf</subfield>
    <subfield code="x">Verlag</subfield>
    <subfield code="z">kostenfrei</subfield>
  </datafield>
  <datafield tag="856" ind1="4" ind2="0">
    <subfield code="u">https://www.gdi.manchester.ac.uk/research/publications/gdi-working-papers/2022-061/</subfield>
    <subfield code="x">Verlag</subfield>
    <subfield code="z">kostenfrei</subfield>
  </datafield>
  <datafield tag="951" ind1=" " ind2=" ">
    <subfield code="a">BO</subfield>
  </datafield>
  <datafield tag="980" ind1=" " ind2=" ">
    <subfield code="2">26</subfield>
    <subfield code="1">01</subfield>
    <subfield code="x">0206</subfield>
    <subfield code="b">4220858121</subfield>
    <subfield code="f">K:</subfield>
    <subfield code="d">ZSS 73</subfield>
    <subfield code="h">DA:ras</subfield>
    <subfield code="y">z1k</subfield>
    <subfield code="z">28-11-22</subfield>
  </datafield>
  <datafield tag="981" ind1=" " ind2=" ">
    <subfield code="2">26</subfield>
    <subfield code="1">01</subfield>
    <subfield code="x">0206</subfield>
    <subfield code="y">Zugriff nur an Arbeitsplätzen in der ZBW</subfield>
    <subfield code="y">ZZ</subfield>
    <subfield code="r">https://hdl.handle.net/11159/13001</subfield>
  </datafield>
  <datafield tag="995" ind1=" " ind2=" ">
    <subfield code="2">26</subfield>
    <subfield code="1">01</subfield>
    <subfield code="x">0206</subfield>
    <subfield code="a">DA:ras</subfield>
  </datafield>
</record>