
<?xml version="1.0" encoding="UTF-8"?>
<record xmlns="http://www.loc.gov/MARC21/slim">
  <leader>     nam a22        4500</leader>
  <controlfield tag="001">1823155189</controlfield>
  <controlfield tag="003">DE-627</controlfield>
  <controlfield tag="005">20221122100105.0</controlfield>
  <controlfield tag="007">cr uuu---uuuuu</controlfield>
  <controlfield tag="008">221122s2022    it |||||o     00| ||eng c</controlfield>
  <datafield tag="035" ind1=" " ind2=" ">
    <subfield code="a">(DE-627)1823155189</subfield>
  </datafield>
  <datafield tag="035" ind1=" " ind2=" ">
    <subfield code="a">(DE-599)KXP1823155189</subfield>
  </datafield>
  <datafield tag="040" ind1=" " ind2=" ">
    <subfield code="a">DE-627</subfield>
    <subfield code="b">ger</subfield>
    <subfield code="c">DE-627</subfield>
    <subfield code="e">rda</subfield>
  </datafield>
  <datafield tag="041" ind1=" " ind2=" ">
    <subfield code="a">eng</subfield>
  </datafield>
  <datafield tag="044" ind1=" " ind2=" ">
    <subfield code="c">XA-IT</subfield>
  </datafield>
  <datafield tag="100" ind1="1" ind2=" ">
    <subfield code="a">Benigno, Pierpaolo</subfield>
    <subfield code="d">1971-</subfield>
    <subfield code="e">VerfasserIn</subfield>
    <subfield code="0">(DE-588)124153380</subfield>
    <subfield code="0">(DE-627)480697876</subfield>
    <subfield code="0">(DE-576)178029475</subfield>
    <subfield code="4">aut</subfield>
  </datafield>
  <datafield tag="245" ind1="1" ind2="0">
    <subfield code="a">Stagflation and fragmentation</subfield>
    <subfield code="b">the euro area at the crossroads</subfield>
    <subfield code="c">Pierpaolo Benigno, Paolo Canofari, Giovanni Di Bartolomeo, Marcello Messori</subfield>
  </datafield>
  <datafield tag="264" ind1=" " ind2="1">
    <subfield code="a">Rome, Italy</subfield>
    <subfield code="b">Luiss School of European Political Economy</subfield>
    <subfield code="c">June 8, 2022</subfield>
  </datafield>
  <datafield tag="300" ind1=" " ind2=" ">
    <subfield code="a">1 Online-Ressource (circa 30 Seiten)</subfield>
    <subfield code="b">Illustrationen</subfield>
  </datafield>
  <datafield tag="336" ind1=" " ind2=" ">
    <subfield code="a">Text</subfield>
    <subfield code="b">txt</subfield>
    <subfield code="2">rdacontent</subfield>
  </datafield>
  <datafield tag="337" ind1=" " ind2=" ">
    <subfield code="a">Computermedien</subfield>
    <subfield code="b">c</subfield>
    <subfield code="2">rdamedia</subfield>
  </datafield>
  <datafield tag="338" ind1=" " ind2=" ">
    <subfield code="a">Online-Ressource</subfield>
    <subfield code="b">cr</subfield>
    <subfield code="2">rdacarrier</subfield>
  </datafield>
  <datafield tag="490" ind1="1" ind2=" ">
    <subfield code="a">Working paper / Luiss School of European Political Economy</subfield>
    <subfield code="v">2022, 4</subfield>
  </datafield>
  <datafield tag="700" ind1="1" ind2=" ">
    <subfield code="a">Canofari, Paolo</subfield>
    <subfield code="d">1977-</subfield>
    <subfield code="e">VerfasserIn</subfield>
    <subfield code="0">(DE-588)1267428996</subfield>
    <subfield code="0">(DE-627)1815867434</subfield>
    <subfield code="4">aut</subfield>
  </datafield>
  <datafield tag="700" ind1="1" ind2=" ">
    <subfield code="a">Di Bartolomeo, Giovanni</subfield>
    <subfield code="d">1969-</subfield>
    <subfield code="e">VerfasserIn</subfield>
    <subfield code="0">(DE-588)131344080</subfield>
    <subfield code="0">(DE-627)507597796</subfield>
    <subfield code="0">(DE-576)298419416</subfield>
    <subfield code="4">aut</subfield>
  </datafield>
  <datafield tag="700" ind1="1" ind2=" ">
    <subfield code="a">Messori, Marcello</subfield>
    <subfield code="e">VerfasserIn</subfield>
    <subfield code="0">(DE-588)170030881</subfield>
    <subfield code="0">(DE-627)060042575</subfield>
    <subfield code="0">(DE-576)130946044</subfield>
    <subfield code="4">aut</subfield>
  </datafield>
  <datafield tag="830" ind1=" " ind2="0">
    <subfield code="a">Working paper</subfield>
    <subfield code="v">2022, 4</subfield>
    <subfield code="9">2022,4</subfield>
    <subfield code="w">(DE-627)1693255049</subfield>
    <subfield code="w">(DE-600)3012286-7</subfield>
  </datafield>
  <datafield tag="856" ind1="4" ind2="0">
    <subfield code="u">https://sep.luiss.it/wp-content/uploads/2022/06/WP4.22-Stagflation-and-fragmentation.-the-euro-area-at-the-crossroads-1.pdf</subfield>
    <subfield code="x">Verlag</subfield>
    <subfield code="z">kostenfrei</subfield>
  </datafield>
  <datafield tag="856" ind1="4" ind2="0">
    <subfield code="u">https://sep.luiss.it/publication-research/publications/p-benigno-p-canofari-g-di-bartolomeo-m-messori-stagflation-and-fragmentation-the-euro-area-at-the-crossroads%ef%bf%bc/</subfield>
    <subfield code="x">Verlag</subfield>
    <subfield code="z">kostenfrei</subfield>
  </datafield>
  <datafield tag="951" ind1=" " ind2=" ">
    <subfield code="a">BO</subfield>
  </datafield>
  <datafield tag="980" ind1=" " ind2=" ">
    <subfield code="2">26</subfield>
    <subfield code="1">01</subfield>
    <subfield code="x">0206</subfield>
    <subfield code="b">4218082065</subfield>
    <subfield code="f">K:</subfield>
    <subfield code="d">ZSS 78</subfield>
    <subfield code="h">DA:ras</subfield>
    <subfield code="y">z1k</subfield>
    <subfield code="z">22-11-22</subfield>
  </datafield>
  <datafield tag="981" ind1=" " ind2=" ">
    <subfield code="2">26</subfield>
    <subfield code="1">01</subfield>
    <subfield code="x">0206</subfield>
    <subfield code="y">Zugriff nur an Arbeitsplätzen in der ZBW</subfield>
    <subfield code="y">ZZ</subfield>
    <subfield code="r">https://hdl.handle.net/11159/12978</subfield>
  </datafield>
  <datafield tag="995" ind1=" " ind2=" ">
    <subfield code="2">26</subfield>
    <subfield code="1">01</subfield>
    <subfield code="x">0206</subfield>
    <subfield code="a">DA:ras</subfield>
  </datafield>
</record>