
<?xml version="1.0" encoding="UTF-8"?>
<record xmlns="http://www.loc.gov/MARC21/slim">
  <leader>     cam a22        4500</leader>
  <controlfield tag="001">182315428X</controlfield>
  <controlfield tag="003">DE-627</controlfield>
  <controlfield tag="005">20221124121953.0</controlfield>
  <controlfield tag="007">cr uuu---uuuuu</controlfield>
  <controlfield tag="008">221122s2022    it |||||o     00| ||eng c</controlfield>
  <datafield tag="035" ind1=" " ind2=" ">
    <subfield code="a">(DE-627)182315428X</subfield>
  </datafield>
  <datafield tag="035" ind1=" " ind2=" ">
    <subfield code="a">(DE-599)KXP182315428X</subfield>
  </datafield>
  <datafield tag="040" ind1=" " ind2=" ">
    <subfield code="a">DE-627</subfield>
    <subfield code="b">ger</subfield>
    <subfield code="c">DE-627</subfield>
    <subfield code="e">rda</subfield>
  </datafield>
  <datafield tag="041" ind1=" " ind2=" ">
    <subfield code="a">eng</subfield>
  </datafield>
  <datafield tag="044" ind1=" " ind2=" ">
    <subfield code="c">XA-IT</subfield>
  </datafield>
  <datafield tag="100" ind1="1" ind2=" ">
    <subfield code="a">Bontadini, Filippo</subfield>
    <subfield code="e">VerfasserIn</subfield>
    <subfield code="4">aut</subfield>
  </datafield>
  <datafield tag="245" ind1="1" ind2="0">
    <subfield code="a">Nearshoring and farsharing in Europe</subfield>
    <subfield code="b">implications for employment</subfield>
    <subfield code="c">Filippo Bontadini, Valentina Meliciani, Maria Savona, Ariel Wirkierman</subfield>
  </datafield>
  <datafield tag="264" ind1=" " ind2="1">
    <subfield code="a">Rome, Italy</subfield>
    <subfield code="b">Luiss School of European Political Economy</subfield>
    <subfield code="c">September 27, 2022</subfield>
  </datafield>
  <datafield tag="300" ind1=" " ind2=" ">
    <subfield code="a">1 Online-Ressource (circa 25 Seiten)</subfield>
    <subfield code="b">Illustrationen</subfield>
  </datafield>
  <datafield tag="336" ind1=" " ind2=" ">
    <subfield code="a">Text</subfield>
    <subfield code="b">txt</subfield>
    <subfield code="2">rdacontent</subfield>
  </datafield>
  <datafield tag="337" ind1=" " ind2=" ">
    <subfield code="a">Computermedien</subfield>
    <subfield code="b">c</subfield>
    <subfield code="2">rdamedia</subfield>
  </datafield>
  <datafield tag="338" ind1=" " ind2=" ">
    <subfield code="a">Online-Ressource</subfield>
    <subfield code="b">cr</subfield>
    <subfield code="2">rdacarrier</subfield>
  </datafield>
  <datafield tag="490" ind1="1" ind2=" ">
    <subfield code="a">Working paper / Luiss School of European Political Economy</subfield>
    <subfield code="v">2022, 7</subfield>
  </datafield>
  <datafield tag="650" ind1=" " ind2="7">
    <subfield code="8">1.1\x</subfield>
    <subfield code="a">Globale Wertschöpfungskette</subfield>
    <subfield code="0">(DE-627)1726786811</subfield>
    <subfield code="0">(DE-2867)30240-4</subfield>
    <subfield code="2">stw</subfield>
  </datafield>
  <datafield tag="650" ind1=" " ind2="7">
    <subfield code="8">1.2\x</subfield>
    <subfield code="a">Räumliche Verteilung</subfield>
    <subfield code="0">(DE-627)091385334</subfield>
    <subfield code="0">(DE-2867)19438-6</subfield>
    <subfield code="2">stw</subfield>
  </datafield>
  <datafield tag="650" ind1=" " ind2="7">
    <subfield code="8">1.3\x</subfield>
    <subfield code="a">Auslandsverlagerung</subfield>
    <subfield code="0">(DE-627)094412715</subfield>
    <subfield code="0">(DE-2867)29550-6</subfield>
    <subfield code="2">stw</subfield>
  </datafield>
  <datafield tag="650" ind1=" " ind2="7">
    <subfield code="8">1.4\x</subfield>
    <subfield code="a">Beschäftigungseffekt</subfield>
    <subfield code="0">(DE-627)091350689</subfield>
    <subfield code="0">(DE-2867)11238-5</subfield>
    <subfield code="2">stw</subfield>
  </datafield>
  <datafield tag="650" ind1=" " ind2="7">
    <subfield code="8">1.5\x</subfield>
    <subfield code="a">EU-Staaten</subfield>
    <subfield code="0">(DE-627)091358639</subfield>
    <subfield code="0">(DE-2867)17983-5</subfield>
    <subfield code="2">stw</subfield>
  </datafield>
  <datafield tag="700" ind1="1" ind2=" ">
    <subfield code="a">Meliciani, Valentina</subfield>
    <subfield code="d">1968-</subfield>
    <subfield code="e">VerfasserIn</subfield>
    <subfield code="0">(DE-588)171461355</subfield>
    <subfield code="0">(DE-627)061664626</subfield>
    <subfield code="0">(DE-576)358320690</subfield>
    <subfield code="4">aut</subfield>
  </datafield>
  <datafield tag="700" ind1="1" ind2=" ">
    <subfield code="a">Savona, Maria</subfield>
    <subfield code="e">VerfasserIn</subfield>
    <subfield code="0">(DE-588)1214005683</subfield>
    <subfield code="0">(DE-627)172508550X</subfield>
    <subfield code="4">aut</subfield>
  </datafield>
  <datafield tag="700" ind1="1" ind2=" ">
    <subfield code="a">Wirkierman, Ariel</subfield>
    <subfield code="e">VerfasserIn</subfield>
    <subfield code="0">(DE-588)1255026200</subfield>
    <subfield code="0">(DE-627)1798056801</subfield>
    <subfield code="4">aut</subfield>
  </datafield>
  <datafield tag="830" ind1=" " ind2="0">
    <subfield code="a">Working paper</subfield>
    <subfield code="v">2022, 7</subfield>
    <subfield code="9">2022,7</subfield>
    <subfield code="w">(DE-627)1693255049</subfield>
    <subfield code="w">(DE-600)3012286-7</subfield>
  </datafield>
  <datafield tag="856" ind1="4" ind2="0">
    <subfield code="u">https://sep.luiss.it/wp-content/uploads/2022/09/WP7.22-Nearshoring-and-Farsharing-in-Europe.-Implications-for-employment@.pdf</subfield>
    <subfield code="x">Verlag</subfield>
    <subfield code="z">kostenfrei</subfield>
  </datafield>
  <datafield tag="856" ind1="4" ind2="0">
    <subfield code="u">https://sep.luiss.it/publication-research/publications/f-bontadini-v-meliciani-m-savona-a-wirkierman-nearshoring-and-farsharing-in-europe-implications-for-employment/</subfield>
    <subfield code="x">Verlag</subfield>
    <subfield code="z">kostenfrei</subfield>
  </datafield>
  <datafield tag="951" ind1=" " ind2=" ">
    <subfield code="a">BO</subfield>
  </datafield>
  <datafield tag="980" ind1=" " ind2=" ">
    <subfield code="2">26</subfield>
    <subfield code="1">01</subfield>
    <subfield code="x">0206</subfield>
    <subfield code="b">421807965X</subfield>
    <subfield code="f">K:</subfield>
    <subfield code="d">ZSS 78</subfield>
    <subfield code="h">DA:ras</subfield>
    <subfield code="y">z1k</subfield>
    <subfield code="z">22-11-22</subfield>
  </datafield>
  <datafield tag="981" ind1=" " ind2=" ">
    <subfield code="2">26</subfield>
    <subfield code="1">01</subfield>
    <subfield code="x">0206</subfield>
    <subfield code="y">Zugriff nur an Arbeitsplätzen in der ZBW</subfield>
    <subfield code="y">ZZ</subfield>
    <subfield code="r">https://hdl.handle.net/11159/12975</subfield>
  </datafield>
  <datafield tag="995" ind1=" " ind2=" ">
    <subfield code="2">26</subfield>
    <subfield code="1">01</subfield>
    <subfield code="x">0206</subfield>
    <subfield code="a">DA:ras</subfield>
  </datafield>
</record>