
<?xml version="1.0" encoding="UTF-8"?>
<record xmlns="http://www.loc.gov/MARC21/slim">
  <leader>     nam a22        4500</leader>
  <controlfield tag="001">1822051460</controlfield>
  <controlfield tag="003">DE-627</controlfield>
  <controlfield tag="005">20221111150930.0</controlfield>
  <controlfield tag="007">cr uuu---uuuuu</controlfield>
  <controlfield tag="008">221111s2022    ne |||||o     00| ||eng c</controlfield>
  <datafield tag="035" ind1=" " ind2=" ">
    <subfield code="a">(DE-627)1822051460</subfield>
  </datafield>
  <datafield tag="035" ind1=" " ind2=" ">
    <subfield code="a">(DE-599)KXP1822051460</subfield>
  </datafield>
  <datafield tag="040" ind1=" " ind2=" ">
    <subfield code="a">DE-627</subfield>
    <subfield code="b">ger</subfield>
    <subfield code="c">DE-627</subfield>
    <subfield code="e">rda</subfield>
  </datafield>
  <datafield tag="041" ind1=" " ind2=" ">
    <subfield code="a">eng</subfield>
  </datafield>
  <datafield tag="044" ind1=" " ind2=" ">
    <subfield code="c">XA-NL</subfield>
  </datafield>
  <datafield tag="100" ind1="1" ind2=" ">
    <subfield code="a">Bokern, Paul</subfield>
    <subfield code="e">VerfasserIn</subfield>
    <subfield code="4">aut</subfield>
  </datafield>
  <datafield tag="245" ind1="1" ind2="2">
    <subfield code="a">A comparison of pension-relevant preferences, traits, skills, and attitudes between the self-employed and employees in the Netherlands</subfield>
    <subfield code="c">Paul Bokern, Jona Linde, Arno Riedl, Hans Schmeets and Peter Werner</subfield>
  </datafield>
  <datafield tag="264" ind1=" " ind2="1">
    <subfield code="a">[Tilburg]</subfield>
    <subfield code="b">Netspar, Network for Studies on Pensions, Aging and Retirement</subfield>
    <subfield code="c">October 2022</subfield>
  </datafield>
  <datafield tag="300" ind1=" " ind2=" ">
    <subfield code="a">1 Online-Ressource (circa 69 Seiten)</subfield>
  </datafield>
  <datafield tag="336" ind1=" " ind2=" ">
    <subfield code="a">Text</subfield>
    <subfield code="b">txt</subfield>
    <subfield code="2">rdacontent</subfield>
  </datafield>
  <datafield tag="337" ind1=" " ind2=" ">
    <subfield code="a">Computermedien</subfield>
    <subfield code="b">c</subfield>
    <subfield code="2">rdamedia</subfield>
  </datafield>
  <datafield tag="338" ind1=" " ind2=" ">
    <subfield code="a">Online-Ressource</subfield>
    <subfield code="b">cr</subfield>
    <subfield code="2">rdacarrier</subfield>
  </datafield>
  <datafield tag="490" ind1="1" ind2=" ">
    <subfield code="a">Netspar industry series</subfield>
    <subfield code="a">Design paper</subfield>
    <subfield code="v">216</subfield>
  </datafield>
  <datafield tag="650" ind1=" " ind2="7">
    <subfield code="8">1.1\x</subfield>
    <subfield code="a">Altersvorsorge</subfield>
    <subfield code="0">(DE-627)091346738</subfield>
    <subfield code="0">(DE-2867)16527-1</subfield>
    <subfield code="2">stw</subfield>
  </datafield>
  <datafield tag="650" ind1=" " ind2="7">
    <subfield code="8">1.2\x</subfield>
    <subfield code="a">Selbstständige</subfield>
    <subfield code="0">(DE-627)091389119</subfield>
    <subfield code="0">(DE-2867)18083-1</subfield>
    <subfield code="2">stw</subfield>
  </datafield>
  <datafield tag="650" ind1=" " ind2="7">
    <subfield code="8">1.3\x</subfield>
    <subfield code="a">Arbeitskräfte</subfield>
    <subfield code="0">(DE-627)09134753X</subfield>
    <subfield code="0">(DE-2867)11262-1</subfield>
    <subfield code="2">stw</subfield>
  </datafield>
  <datafield tag="650" ind1=" " ind2="7">
    <subfield code="8">1.4\x</subfield>
    <subfield code="a">Vergleich</subfield>
    <subfield code="0">(DE-627)091397340</subfield>
    <subfield code="0">(DE-2867)19044-6</subfield>
    <subfield code="2">stw</subfield>
  </datafield>
  <datafield tag="650" ind1=" " ind2="7">
    <subfield code="8">1.5\x</subfield>
    <subfield code="a">Offenbarte Präferenzen</subfield>
    <subfield code="0">(DE-627)09138074X</subfield>
    <subfield code="0">(DE-2867)10162-3</subfield>
    <subfield code="2">stw</subfield>
  </datafield>
  <datafield tag="650" ind1=" " ind2="7">
    <subfield code="8">1.6\x</subfield>
    <subfield code="a">Sparen</subfield>
    <subfield code="0">(DE-627)091390680</subfield>
    <subfield code="0">(DE-2867)10020-2</subfield>
    <subfield code="2">stw</subfield>
  </datafield>
  <datafield tag="650" ind1=" " ind2="7">
    <subfield code="8">1.7\x</subfield>
    <subfield code="a">Anlageverhalten</subfield>
    <subfield code="0">(DE-627)091347041</subfield>
    <subfield code="0">(DE-2867)18674-6</subfield>
    <subfield code="2">stw</subfield>
  </datafield>
  <datafield tag="650" ind1=" " ind2="7">
    <subfield code="8">1.8\x</subfield>
    <subfield code="a">Niederlande</subfield>
    <subfield code="0">(DE-627)091380170</subfield>
    <subfield code="0">(DE-2867)17433-5</subfield>
    <subfield code="2">stw</subfield>
  </datafield>
  <datafield tag="700" ind1="1" ind2=" ">
    <subfield code="a">Linde, Jona</subfield>
    <subfield code="d">1981-</subfield>
    <subfield code="e">VerfasserIn</subfield>
    <subfield code="0">(DE-588)1023970384</subfield>
    <subfield code="0">(DE-627)718956532</subfield>
    <subfield code="0">(DE-576)367734567</subfield>
    <subfield code="4">aut</subfield>
  </datafield>
  <datafield tag="700" ind1="1" ind2=" ">
    <subfield code="a">Riedl, Arno</subfield>
    <subfield code="d">1964-</subfield>
    <subfield code="e">VerfasserIn</subfield>
    <subfield code="0">(DE-588)132207346</subfield>
    <subfield code="0">(DE-627)519234847</subfield>
    <subfield code="0">(DE-576)299005321</subfield>
    <subfield code="4">aut</subfield>
  </datafield>
  <datafield tag="700" ind1="1" ind2=" ">
    <subfield code="a">Schmeets, Hans</subfield>
    <subfield code="d">1959-</subfield>
    <subfield code="e">VerfasserIn</subfield>
    <subfield code="0">(DE-588)139928286</subfield>
    <subfield code="0">(DE-627)614207762</subfield>
    <subfield code="4">aut</subfield>
  </datafield>
  <datafield tag="700" ind1="1" ind2=" ">
    <subfield code="a">Werner, Peter</subfield>
    <subfield code="d">1977-</subfield>
    <subfield code="e">VerfasserIn</subfield>
    <subfield code="0">(DE-588)138992061</subfield>
    <subfield code="0">(DE-627)607756578</subfield>
    <subfield code="4">aut</subfield>
  </datafield>
  <datafield tag="830" ind1=" " ind2="0">
    <subfield code="a">Netspar industry series</subfield>
    <subfield code="p">Design paper</subfield>
    <subfield code="v">216</subfield>
    <subfield code="9">216</subfield>
    <subfield code="w">(DE-627)1777398665</subfield>
    <subfield code="w">(DE-600)3100833-1</subfield>
  </datafield>
  <datafield tag="856" ind1="4" ind2="0">
    <subfield code="u">https://www.netspar.nl//assets/uploads/Netspar-Design-Paper-216-WEB.pdf</subfield>
    <subfield code="x">Verlag</subfield>
    <subfield code="z">kostenfrei</subfield>
  </datafield>
  <datafield tag="856" ind1="4" ind2="0">
    <subfield code="u">https://www.netspar.nl/en/publication/a-comparison-of-pension-relevant-preferences-traits-skills-and-attitudes-between-the-dutch-self-employed-and-employees/</subfield>
    <subfield code="x">Verlag</subfield>
    <subfield code="z">kostenfrei</subfield>
  </datafield>
  <datafield tag="951" ind1=" " ind2=" ">
    <subfield code="a">BO</subfield>
  </datafield>
  <datafield tag="980" ind1=" " ind2=" ">
    <subfield code="2">26</subfield>
    <subfield code="1">01</subfield>
    <subfield code="x">0206</subfield>
    <subfield code="b">4209311685</subfield>
    <subfield code="f">K:</subfield>
    <subfield code="d">ZSS 68</subfield>
    <subfield code="e">g</subfield>
    <subfield code="h">DA:ras</subfield>
    <subfield code="y">z1k</subfield>
    <subfield code="z">11-11-22</subfield>
  </datafield>
  <datafield tag="981" ind1=" " ind2=" ">
    <subfield code="2">26</subfield>
    <subfield code="1">01</subfield>
    <subfield code="x">0206</subfield>
    <subfield code="y">Zugriff nur an Arbeitsplätzen in der ZBW</subfield>
    <subfield code="y">ZZ</subfield>
    <subfield code="r">https://hdl.handle.net/11159/12962</subfield>
  </datafield>
  <datafield tag="995" ind1=" " ind2=" ">
    <subfield code="2">26</subfield>
    <subfield code="1">01</subfield>
    <subfield code="x">0206</subfield>
    <subfield code="a">DA:ras</subfield>
  </datafield>
</record>