
<?xml version="1.0" encoding="UTF-8"?>
<record xmlns="http://www.loc.gov/MARC21/slim">
  <leader>     nam a22        4500</leader>
  <controlfield tag="001">1821591356</controlfield>
  <controlfield tag="003">DE-627</controlfield>
  <controlfield tag="005">20221110162856.0</controlfield>
  <controlfield tag="007">cr uuu---uuuuu</controlfield>
  <controlfield tag="008">221110s2022    nz |||||o     00| ||eng c</controlfield>
  <datafield tag="020" ind1=" " ind2=" ">
    <subfield code="a">9781988519838</subfield>
    <subfield code="9">978-1-988519-83-8</subfield>
  </datafield>
  <datafield tag="035" ind1=" " ind2=" ">
    <subfield code="a">(DE-627)1821591356</subfield>
  </datafield>
  <datafield tag="035" ind1=" " ind2=" ">
    <subfield code="a">(DE-599)KXP1821591356</subfield>
  </datafield>
  <datafield tag="040" ind1=" " ind2=" ">
    <subfield code="a">DE-627</subfield>
    <subfield code="b">ger</subfield>
    <subfield code="c">DE-627</subfield>
    <subfield code="e">rda</subfield>
  </datafield>
  <datafield tag="041" ind1=" " ind2=" ">
    <subfield code="a">eng</subfield>
  </datafield>
  <datafield tag="044" ind1=" " ind2=" ">
    <subfield code="c">XE-NZ</subfield>
  </datafield>
  <datafield tag="100" ind1="1" ind2=" ">
    <subfield code="a">Fabling, Richard</subfield>
    <subfield code="e">VerfasserIn</subfield>
    <subfield code="0">(DE-588)1082550825</subfield>
    <subfield code="0">(DE-627)847634221</subfield>
    <subfield code="0">(DE-576)455503605</subfield>
    <subfield code="4">aut</subfield>
  </datafield>
  <datafield tag="245" ind1="1" ind2="0">
    <subfield code="a">Migration and firm-level productivity</subfield>
    <subfield code="c">authors: Richard Fabling, David C. Maré and Philip Stevens</subfield>
  </datafield>
  <datafield tag="264" ind1=" " ind2="1">
    <subfield code="a">Wellington, New Zealand</subfield>
    <subfield code="b">Productivity Commission</subfield>
    <subfield code="c">July 2022</subfield>
  </datafield>
  <datafield tag="300" ind1=" " ind2=" ">
    <subfield code="a">1 Online-Ressource (circa 53 Seiten)</subfield>
    <subfield code="b">Illustrationen</subfield>
  </datafield>
  <datafield tag="336" ind1=" " ind2=" ">
    <subfield code="a">Text</subfield>
    <subfield code="b">txt</subfield>
    <subfield code="2">rdacontent</subfield>
  </datafield>
  <datafield tag="337" ind1=" " ind2=" ">
    <subfield code="a">Computermedien</subfield>
    <subfield code="b">c</subfield>
    <subfield code="2">rdamedia</subfield>
  </datafield>
  <datafield tag="338" ind1=" " ind2=" ">
    <subfield code="a">Online-Ressource</subfield>
    <subfield code="b">cr</subfield>
    <subfield code="2">rdacarrier</subfield>
  </datafield>
  <datafield tag="490" ind1="1" ind2=" ">
    <subfield code="a">Working paper$nNew Zealand Productivity Commission</subfield>
    <subfield code="v">2022, 01</subfield>
  </datafield>
  <datafield tag="540" ind1=" " ind2=" ">
    <subfield code="q">DE-206</subfield>
    <subfield code="a">Namensnennung 4.0 International</subfield>
    <subfield code="f">CC BY 4.0</subfield>
    <subfield code="2">cc</subfield>
    <subfield code="u">https://creativecommons.org/licenses/by/4.0/</subfield>
  </datafield>
  <datafield tag="648" ind1=" " ind2="7">
    <subfield code="8">1.8\x</subfield>
    <subfield code="a">2006-2019</subfield>
    <subfield code="2">stw</subfield>
  </datafield>
  <datafield tag="648" ind1=" " ind2="7">
    <subfield code="8">2.8\x</subfield>
    <subfield code="a">2006-2019</subfield>
    <subfield code="2">stw</subfield>
  </datafield>
  <datafield tag="650" ind1=" " ind2="7">
    <subfield code="8">1.1\x</subfield>
    <subfield code="a">Produktivität</subfield>
    <subfield code="0">(DE-627)091384575</subfield>
    <subfield code="0">(DE-2867)10460-2</subfield>
    <subfield code="2">stw</subfield>
  </datafield>
  <datafield tag="650" ind1=" " ind2="7">
    <subfield code="8">1.2\x</subfield>
    <subfield code="a">Unternehmen</subfield>
    <subfield code="0">(DE-627)091396433</subfield>
    <subfield code="0">(DE-2867)12072-1</subfield>
    <subfield code="2">stw</subfield>
  </datafield>
  <datafield tag="650" ind1=" " ind2="7">
    <subfield code="8">1.3\x</subfield>
    <subfield code="a">Arbeitsmigranten</subfield>
    <subfield code="0">(DE-627)091348838</subfield>
    <subfield code="0">(DE-2867)11268-3</subfield>
    <subfield code="2">stw</subfield>
  </datafield>
  <datafield tag="650" ind1=" " ind2="7">
    <subfield code="8">1.4\x</subfield>
    <subfield code="a">Lohnstruktur</subfield>
    <subfield code="0">(DE-627)091375584</subfield>
    <subfield code="0">(DE-2867)11327-6</subfield>
    <subfield code="2">stw</subfield>
  </datafield>
  <datafield tag="650" ind1=" " ind2="7">
    <subfield code="8">1.5\x</subfield>
    <subfield code="a">Arbeitskräfte</subfield>
    <subfield code="0">(DE-627)09134753X</subfield>
    <subfield code="0">(DE-2867)11262-1</subfield>
    <subfield code="2">stw</subfield>
  </datafield>
  <datafield tag="650" ind1=" " ind2="7">
    <subfield code="8">1.6\x</subfield>
    <subfield code="a">Bevölkerung</subfield>
    <subfield code="0">(DE-627)091351464</subfield>
    <subfield code="0">(DE-2867)15909-6</subfield>
    <subfield code="2">stw</subfield>
  </datafield>
  <datafield tag="650" ind1=" " ind2="7">
    <subfield code="8">1.7\x</subfield>
    <subfield code="a">Neuseeland</subfield>
    <subfield code="0">(DE-627)091379989</subfield>
    <subfield code="0">(DE-2867)17942-5</subfield>
    <subfield code="2">stw</subfield>
  </datafield>
  <datafield tag="650" ind1=" " ind2="7">
    <subfield code="8">2.1\x</subfield>
    <subfield code="a">Produktivität</subfield>
    <subfield code="0">(DE-627)091384575</subfield>
    <subfield code="0">(DE-2867)10460-2</subfield>
    <subfield code="2">stw</subfield>
  </datafield>
  <datafield tag="650" ind1=" " ind2="7">
    <subfield code="8">2.2\x</subfield>
    <subfield code="a">Unternehmen</subfield>
    <subfield code="0">(DE-627)091396433</subfield>
    <subfield code="0">(DE-2867)12072-1</subfield>
    <subfield code="2">stw</subfield>
  </datafield>
  <datafield tag="650" ind1=" " ind2="7">
    <subfield code="8">2.3\x</subfield>
    <subfield code="a">Arbeitsmigranten</subfield>
    <subfield code="0">(DE-627)091348838</subfield>
    <subfield code="0">(DE-2867)11268-3</subfield>
    <subfield code="2">stw</subfield>
  </datafield>
  <datafield tag="650" ind1=" " ind2="7">
    <subfield code="8">2.4\x</subfield>
    <subfield code="a">Lohnstruktur</subfield>
    <subfield code="0">(DE-627)091375584</subfield>
    <subfield code="0">(DE-2867)11327-6</subfield>
    <subfield code="2">stw</subfield>
  </datafield>
  <datafield tag="650" ind1=" " ind2="7">
    <subfield code="8">2.5\x</subfield>
    <subfield code="a">Arbeitskräfte</subfield>
    <subfield code="0">(DE-627)09134753X</subfield>
    <subfield code="0">(DE-2867)11262-1</subfield>
    <subfield code="2">stw</subfield>
  </datafield>
  <datafield tag="650" ind1=" " ind2="7">
    <subfield code="8">2.6\x</subfield>
    <subfield code="a">Bevölkerung</subfield>
    <subfield code="0">(DE-627)091351464</subfield>
    <subfield code="0">(DE-2867)15909-6</subfield>
    <subfield code="2">stw</subfield>
  </datafield>
  <datafield tag="650" ind1=" " ind2="7">
    <subfield code="8">2.7\x</subfield>
    <subfield code="a">Neuseeland</subfield>
    <subfield code="0">(DE-627)091379989</subfield>
    <subfield code="0">(DE-2867)17942-5</subfield>
    <subfield code="2">stw</subfield>
  </datafield>
  <datafield tag="655" ind1=" " ind2="7">
    <subfield code="a">Amtliche Publikation</subfield>
    <subfield code="0">(DE-588)4142300-8</subfield>
    <subfield code="0">(DE-627)105614165</subfield>
    <subfield code="0">(DE-576)209717653</subfield>
    <subfield code="2">gnd-content</subfield>
  </datafield>
  <datafield tag="700" ind1="1" ind2=" ">
    <subfield code="a">Maré, David C.</subfield>
    <subfield code="e">VerfasserIn</subfield>
    <subfield code="0">(DE-588)171308638</subfield>
    <subfield code="0">(DE-627)061496316</subfield>
    <subfield code="0">(DE-576)13211206X</subfield>
    <subfield code="4">aut</subfield>
  </datafield>
  <datafield tag="700" ind1="1" ind2=" ">
    <subfield code="a">Stevens, Philip</subfield>
    <subfield code="e">VerfasserIn</subfield>
    <subfield code="0">(DE-588)1222290561</subfield>
    <subfield code="0">(DE-627)1741317835</subfield>
    <subfield code="4">aut</subfield>
  </datafield>
  <datafield tag="830" ind1=" " ind2="0">
    <subfield code="a">Working paper</subfield>
    <subfield code="v">2022, 01</subfield>
    <subfield code="9">2022,1</subfield>
    <subfield code="w">(DE-627)1777512042</subfield>
    <subfield code="w">(DE-600)3101018-0</subfield>
  </datafield>
  <datafield tag="856" ind1="4" ind2="0">
    <subfield code="u">https://www.productivity.govt.nz/assets/Documents/migration-and-firm-level-productivity/Migration-firm-level-productivity-FINAL-WP.pdf</subfield>
    <subfield code="x">Verlag</subfield>
    <subfield code="z">kostenfrei</subfield>
  </datafield>
  <datafield tag="856" ind1="4" ind2="0">
    <subfield code="u">https://www.productivity.govt.nz/research/migration-and-firm-level-productivity/</subfield>
    <subfield code="x">Verlag</subfield>
    <subfield code="z">kostenfrei</subfield>
  </datafield>
  <datafield tag="951" ind1=" " ind2=" ">
    <subfield code="a">BO</subfield>
  </datafield>
  <datafield tag="980" ind1=" " ind2=" ">
    <subfield code="2">26</subfield>
    <subfield code="1">01</subfield>
    <subfield code="x">0206</subfield>
    <subfield code="b">4208525681</subfield>
    <subfield code="f">K:</subfield>
    <subfield code="d">ZSS 47</subfield>
    <subfield code="h">DA:ras</subfield>
    <subfield code="y">z1k</subfield>
    <subfield code="z">10-11-22</subfield>
  </datafield>
  <datafield tag="981" ind1=" " ind2=" ">
    <subfield code="2">26</subfield>
    <subfield code="1">01</subfield>
    <subfield code="x">0206</subfield>
    <subfield code="y">Zugriff nur an Arbeitsplätzen in der ZBW</subfield>
    <subfield code="y">ZZ</subfield>
    <subfield code="r">https://hdl.handle.net/11159/12958</subfield>
  </datafield>
  <datafield tag="995" ind1=" " ind2=" ">
    <subfield code="2">26</subfield>
    <subfield code="1">01</subfield>
    <subfield code="x">0206</subfield>
    <subfield code="a">DA:ras</subfield>
  </datafield>
</record>