
<?xml version="1.0" encoding="UTF-8"?>
<record xmlns="http://www.loc.gov/MARC21/slim">
  <leader>     nam a22        4500</leader>
  <controlfield tag="001">1820809390</controlfield>
  <controlfield tag="003">DE-627</controlfield>
  <controlfield tag="005">20221107112645.0</controlfield>
  <controlfield tag="007">cr uuu---uuuuu</controlfield>
  <controlfield tag="008">221107s2022    ie |||||o     00| ||eng c</controlfield>
  <datafield tag="035" ind1=" " ind2=" ">
    <subfield code="a">(DE-627)1820809390</subfield>
  </datafield>
  <datafield tag="035" ind1=" " ind2=" ">
    <subfield code="a">(DE-599)KXP1820809390</subfield>
  </datafield>
  <datafield tag="040" ind1=" " ind2=" ">
    <subfield code="a">DE-627</subfield>
    <subfield code="b">ger</subfield>
    <subfield code="c">DE-627</subfield>
    <subfield code="e">rda</subfield>
  </datafield>
  <datafield tag="041" ind1=" " ind2=" ">
    <subfield code="a">eng</subfield>
  </datafield>
  <datafield tag="044" ind1=" " ind2=" ">
    <subfield code="c">XA-IE</subfield>
  </datafield>
  <datafield tag="100" ind1="1" ind2=" ">
    <subfield code="a">Mac Flynn, Paul</subfield>
    <subfield code="e">VerfasserIn</subfield>
    <subfield code="0">(DE-588)1117037134</subfield>
    <subfield code="0">(DE-627)870907271</subfield>
    <subfield code="0">(DE-576)478682751</subfield>
    <subfield code="4">aut</subfield>
  </datafield>
  <datafield tag="245" ind1="1" ind2="0">
    <subfield code="a">Northern Ireland labour market observer</subfield>
    <subfield code="b">post-crisis and pre-crisis</subfield>
    <subfield code="c">Paul Mac Flynn</subfield>
  </datafield>
  <datafield tag="264" ind1=" " ind2="1">
    <subfield code="a">Dublin, Ireland</subfield>
    <subfield code="b">Nevin Economic Research Institute</subfield>
    <subfield code="c">[2022]</subfield>
  </datafield>
  <datafield tag="300" ind1=" " ind2=" ">
    <subfield code="a">1 Online-Ressource (circa 26 Seiten)</subfield>
    <subfield code="b">Illustrationen</subfield>
  </datafield>
  <datafield tag="336" ind1=" " ind2=" ">
    <subfield code="a">Text</subfield>
    <subfield code="b">txt</subfield>
    <subfield code="2">rdacontent</subfield>
  </datafield>
  <datafield tag="337" ind1=" " ind2=" ">
    <subfield code="a">Computermedien</subfield>
    <subfield code="b">c</subfield>
    <subfield code="2">rdamedia</subfield>
  </datafield>
  <datafield tag="338" ind1=" " ind2=" ">
    <subfield code="a">Online-Ressource</subfield>
    <subfield code="b">cr</subfield>
    <subfield code="2">rdacarrier</subfield>
  </datafield>
  <datafield tag="490" ind1="1" ind2=" ">
    <subfield code="a">NERI report series</subfield>
    <subfield code="v">no. 20</subfield>
  </datafield>
  <datafield tag="648" ind1=" " ind2="7">
    <subfield code="8">1.5\x</subfield>
    <subfield code="a">2019-2022</subfield>
    <subfield code="2">stw</subfield>
  </datafield>
  <datafield tag="648" ind1=" " ind2="7">
    <subfield code="8">2.5\x</subfield>
    <subfield code="a">2019-2022</subfield>
    <subfield code="2">stw</subfield>
  </datafield>
  <datafield tag="650" ind1=" " ind2="7">
    <subfield code="8">1.1\x</subfield>
    <subfield code="a">Arbeitsmarkt</subfield>
    <subfield code="0">(DE-627)091347572</subfield>
    <subfield code="0">(DE-2867)11183-4</subfield>
    <subfield code="2">stw</subfield>
  </datafield>
  <datafield tag="650" ind1=" " ind2="7">
    <subfield code="8">1.2\x</subfield>
    <subfield code="a">Erwerbstätigkeit</subfield>
    <subfield code="0">(DE-627)091358078</subfield>
    <subfield code="0">(DE-2867)11272-5</subfield>
    <subfield code="2">stw</subfield>
  </datafield>
  <datafield tag="650" ind1=" " ind2="7">
    <subfield code="8">1.3\x</subfield>
    <subfield code="a">Nordirland</subfield>
    <subfield code="0">(DE-627)091413559</subfield>
    <subfield code="2">stw</subfield>
  </datafield>
  <datafield tag="650" ind1=" " ind2="7">
    <subfield code="8">1.4\x</subfield>
    <subfield code="a">Großbritannien</subfield>
    <subfield code="0">(DE-627)091364442</subfield>
    <subfield code="0">(DE-2867)17374-2</subfield>
    <subfield code="2">stw</subfield>
  </datafield>
  <datafield tag="650" ind1=" " ind2="7">
    <subfield code="8">2.1\x</subfield>
    <subfield code="a">Arbeitsmarkt</subfield>
    <subfield code="0">(DE-627)091347572</subfield>
    <subfield code="0">(DE-2867)11183-4</subfield>
    <subfield code="2">stw</subfield>
  </datafield>
  <datafield tag="650" ind1=" " ind2="7">
    <subfield code="8">2.2\x</subfield>
    <subfield code="a">Erwerbstätigkeit</subfield>
    <subfield code="0">(DE-627)091358078</subfield>
    <subfield code="0">(DE-2867)11272-5</subfield>
    <subfield code="2">stw</subfield>
  </datafield>
  <datafield tag="650" ind1=" " ind2="7">
    <subfield code="8">2.3\x</subfield>
    <subfield code="a">Nordirland</subfield>
    <subfield code="0">(DE-627)091413559</subfield>
    <subfield code="2">stw</subfield>
  </datafield>
  <datafield tag="650" ind1=" " ind2="7">
    <subfield code="8">2.4\x</subfield>
    <subfield code="a">Großbritannien</subfield>
    <subfield code="0">(DE-627)091364442</subfield>
    <subfield code="0">(DE-2867)17374-2</subfield>
    <subfield code="2">stw</subfield>
  </datafield>
  <datafield tag="830" ind1=" " ind2="0">
    <subfield code="a">NERI report series</subfield>
    <subfield code="v">no. 20</subfield>
    <subfield code="9">20</subfield>
    <subfield code="w">(DE-627)1744642265</subfield>
    <subfield code="w">(DE-600)3050535-5</subfield>
  </datafield>
  <datafield tag="856" ind1="4" ind2="0">
    <subfield code="u">https://www.nerinstitute.net/sites/default/files/research/2022/Northern%20Ireland%20Labour%20Market%20Observer%20Post-crisis%20and%20Pre-crisis.pdf</subfield>
    <subfield code="x">Verlag</subfield>
    <subfield code="z">kostenfrei</subfield>
  </datafield>
  <datafield tag="856" ind1="4" ind2="0">
    <subfield code="u">https://www.nerinstitute.net/research/northern-ireland-labour-market-observer-post-crisis-and-pre-crisis</subfield>
    <subfield code="x">Verlag</subfield>
    <subfield code="z">kostenfrei</subfield>
  </datafield>
  <datafield tag="951" ind1=" " ind2=" ">
    <subfield code="a">BO</subfield>
  </datafield>
  <datafield tag="980" ind1=" " ind2=" ">
    <subfield code="2">26</subfield>
    <subfield code="1">01</subfield>
    <subfield code="x">0206</subfield>
    <subfield code="b">4207073515</subfield>
    <subfield code="f">K:</subfield>
    <subfield code="d">ZSS 21</subfield>
    <subfield code="h">DA:ras</subfield>
    <subfield code="y">z1k</subfield>
    <subfield code="z">07-11-22</subfield>
  </datafield>
  <datafield tag="981" ind1=" " ind2=" ">
    <subfield code="2">26</subfield>
    <subfield code="1">01</subfield>
    <subfield code="x">0206</subfield>
    <subfield code="y">Zugriff nur an Arbeitsplätzen in der ZBW</subfield>
    <subfield code="y">ZZ</subfield>
    <subfield code="r">https://hdl.handle.net/11159/12937</subfield>
  </datafield>
  <datafield tag="995" ind1=" " ind2=" ">
    <subfield code="2">26</subfield>
    <subfield code="1">01</subfield>
    <subfield code="x">0206</subfield>
    <subfield code="a">DA:ras</subfield>
  </datafield>
</record>