
<?xml version="1.0" encoding="UTF-8"?>
<record xmlns="http://www.loc.gov/MARC21/slim">
  <leader>     cam a22        4500</leader>
  <controlfield tag="001">1793500649</controlfield>
  <controlfield tag="003">DE-627</controlfield>
  <controlfield tag="005">20230119141909.0</controlfield>
  <controlfield tag="007">cr uuu---uuuuu</controlfield>
  <controlfield tag="008">220222s2022    gw |||||om    00| ||ger c</controlfield>
  <datafield tag="020" ind1=" " ind2=" ">
    <subfield code="a">9783658364809</subfield>
    <subfield code="9">978-3-658-36480-9</subfield>
  </datafield>
  <datafield tag="024" ind1="7" ind2=" ">
    <subfield code="a">10.1007/978-3-658-36480-9</subfield>
    <subfield code="2">doi</subfield>
  </datafield>
  <datafield tag="035" ind1=" " ind2=" ">
    <subfield code="a">(DE-627)1793500649</subfield>
  </datafield>
  <datafield tag="035" ind1=" " ind2=" ">
    <subfield code="a">(DE-599)KEP076712435</subfield>
  </datafield>
  <datafield tag="035" ind1=" " ind2=" ">
    <subfield code="a">(DE-He213)978-3-658-36480-9</subfield>
  </datafield>
  <datafield tag="035" ind1=" " ind2=" ">
    <subfield code="a">(EBP)076712435</subfield>
  </datafield>
  <datafield tag="040" ind1=" " ind2=" ">
    <subfield code="a">DE-627</subfield>
    <subfield code="b">ger</subfield>
    <subfield code="c">DE-627</subfield>
    <subfield code="e">rda</subfield>
  </datafield>
  <datafield tag="041" ind1=" " ind2=" ">
    <subfield code="a">ger</subfield>
  </datafield>
  <datafield tag="044" ind1=" " ind2=" ">
    <subfield code="c">XA-DE</subfield>
  </datafield>
  <datafield tag="082" ind1="0" ind2=" ">
    <subfield code="a">174.4</subfield>
    <subfield code="2">23</subfield>
  </datafield>
  <datafield tag="084" ind1=" " ind2=" ">
    <subfield code="a">QP 150</subfield>
    <subfield code="q">SEPA</subfield>
    <subfield code="2">rvk</subfield>
    <subfield code="0">(DE-625)rvk/141836:</subfield>
  </datafield>
  <datafield tag="084" ind1=" " ind2=" ">
    <subfield code="a">KJG</subfield>
    <subfield code="2">bicssc</subfield>
  </datafield>
  <datafield tag="084" ind1=" " ind2=" ">
    <subfield code="a">BUS008000</subfield>
    <subfield code="2">bisacsh</subfield>
  </datafield>
  <datafield tag="100" ind1="1" ind2=" ">
    <subfield code="a">Fuchs, Florian</subfield>
    <subfield code="e">VerfasserIn</subfield>
    <subfield code="0">(DE-588)1148785760</subfield>
    <subfield code="0">(DE-627)1009185802</subfield>
    <subfield code="0">(DE-576)496432311</subfield>
    <subfield code="4">aut</subfield>
  </datafield>
  <datafield tag="245" ind1="1" ind2="0">
    <subfield code="a">Subjektunabhängige, analytische Unternehmensethik</subfield>
    <subfield code="b">Begründung und Relevanz als praktisch-normative Betriebswirtschaftslehre</subfield>
    <subfield code="c">von Florian Fuchs</subfield>
  </datafield>
  <datafield tag="250" ind1=" " ind2=" ">
    <subfield code="a">1st ed. 2022.</subfield>
  </datafield>
  <datafield tag="264" ind1=" " ind2="1">
    <subfield code="a">Wiesbaden</subfield>
    <subfield code="b">Springer Fachmedien Wiesbaden</subfield>
    <subfield code="c">2022.</subfield>
  </datafield>
  <datafield tag="264" ind1=" " ind2="1">
    <subfield code="a">Wiesbaden</subfield>
    <subfield code="b">Imprint: Springer Gabler</subfield>
    <subfield code="c">2022.</subfield>
  </datafield>
  <datafield tag="300" ind1=" " ind2=" ">
    <subfield code="a">1 Online-Ressource(XXIII, 532 Seiten)</subfield>
    <subfield code="b">Illustrationen</subfield>
  </datafield>
  <datafield tag="336" ind1=" " ind2=" ">
    <subfield code="a">Text</subfield>
    <subfield code="b">txt</subfield>
    <subfield code="2">rdacontent</subfield>
  </datafield>
  <datafield tag="337" ind1=" " ind2=" ">
    <subfield code="a">Computermedien</subfield>
    <subfield code="b">c</subfield>
    <subfield code="2">rdamedia</subfield>
  </datafield>
  <datafield tag="338" ind1=" " ind2=" ">
    <subfield code="a">Online-Ressource</subfield>
    <subfield code="b">cr</subfield>
    <subfield code="2">rdacarrier</subfield>
  </datafield>
  <datafield tag="490" ind1="0" ind2=" ">
    <subfield code="a">Springer eBook Collection</subfield>
  </datafield>
  <datafield tag="490" ind1="0" ind2=" ">
    <subfield code="a">Research</subfield>
  </datafield>
  <datafield tag="500" ind1=" " ind2=" ">
    <subfield code="a">Open Access</subfield>
  </datafield>
  <datafield tag="502" ind1=" " ind2=" ">
    <subfield code="b">Dissertation</subfield>
    <subfield code="c">Technische Universität Kaiserslautern</subfield>
    <subfield code="d">2021</subfield>
  </datafield>
  <datafield tag="506" ind1="0" ind2=" ">
    <subfield code="a">Open Access</subfield>
  </datafield>
  <datafield tag="520" ind1=" " ind2=" ">
    <subfield code="a">Einleitung -- Die Betriebswirtschaftslehre und Werturteile – Eine historisch-kritische Analyse und Standortbestimmung -- Wirtschafts- bzw. Unternehmensethik: Eine Analyse des Forschungsstandes -- Konzeption einer subjektunabhängigen, analytischen Unternehmensethik -- Resümee und Ausblick.</subfield>
  </datafield>
  <datafield tag="520" ind1=" " ind2=" ">
    <subfield code="a">In diesem Open-Access-Buch beleuchtet Florian Fuchs den historischen Diskurs um eine Integration ethischer Fragestellungen in die betriebswirtschaftliche Forschung. Vor dem Hintergrund einer bisher fehlenden originären Mesoethik entwickelt er mit einem Rekurs auf die Erkenntnisse der neueren Systemtheorie eine neue Unternehmensethikkonzeption. Diese ermöglicht erstmalig die Konzeption einer genuinen Unternehmensethik als strukturiertes Legitimitätsmanagement. Seit der Begründung der Betriebswirtschaftslehre Ende des 19. Jahrhunderts wird um die Sinnhaftigkeit und Möglichkeit einer fundierten Beschäftigung mit normativen Aussagen im Allgemeinen, sowie einer Forschungstätigkeit in der Domäne der Wirtschaftsethik im Speziellen, intensiv wie kontrovers gerungen. Dabei bleibt vor dem Hintergrund zahlreicher Unternehmensskandale und einer zunehmenden gesellschaftlichen Kritik an der Wirtschaftspraxis eine kritische Reflexion wirtschaftlichen Handelns hochrelevant – wobei allerdings die Frage zu stellen ist, wie eine wirtschaftsethische Beschäftigung für die BWL wissenschaftshistorisch informiert wie auch wissenschaftstheoretisch fundiert zu begründen wäre. Der Autor Florian Fuchs ist wissenschaftlicher Mitarbeiter am Lehrstuhl für Unternehmensrechnung und Controlling an der Technischen Universität Kaiserslautern, wo er auf dem Gebiet der Nachhaltigkeit, der Wirtschaftsethik, der Wissenschaftstheorie und der Systemtheorie forscht. Sein besonderes Interesse gilt der Forschung über dunkle Charaktereigenschaften und den Auswirkungen auf ethische Entscheidungen.</subfield>
  </datafield>
  <datafield tag="540" ind1=" " ind2=" ">
    <subfield code="q">DE-206</subfield>
    <subfield code="a">Namensnennung 4.0 International</subfield>
    <subfield code="f">CC BY 4.0</subfield>
    <subfield code="2">cc</subfield>
    <subfield code="u">http://creativecommons.org/licenses/by/4.0/deed.de</subfield>
  </datafield>
  <datafield tag="650" ind1=" " ind2="7">
    <subfield code="8">1.1\x</subfield>
    <subfield code="a">Betriebswirtschaftslehre</subfield>
    <subfield code="0">(DE-627)091351391</subfield>
    <subfield code="0">(DE-2867)12041-5</subfield>
    <subfield code="2">stw</subfield>
  </datafield>
  <datafield tag="650" ind1=" " ind2="7">
    <subfield code="8">1.2\x</subfield>
    <subfield code="a">Unternehmensethik</subfield>
    <subfield code="0">(DE-627)091396506</subfield>
    <subfield code="0">(DE-2867)18116-5</subfield>
    <subfield code="2">stw</subfield>
  </datafield>
  <datafield tag="650" ind1=" " ind2="0">
    <subfield code="a">Business ethics.</subfield>
  </datafield>
  <datafield tag="650" ind1=" " ind2="4">
    <subfield code="a">Neue Systemtheorie</subfield>
  </datafield>
  <datafield tag="650" ind1=" " ind2="4">
    <subfield code="a">Analytische Ethik</subfield>
  </datafield>
  <datafield tag="650" ind1=" " ind2="4">
    <subfield code="a">Unternehmensethik</subfield>
  </datafield>
  <datafield tag="650" ind1=" " ind2="4">
    <subfield code="a">Mesoethik</subfield>
  </datafield>
  <datafield tag="650" ind1=" " ind2="4">
    <subfield code="a">Subjektunabhängigkeit</subfield>
  </datafield>
  <datafield tag="650" ind1=" " ind2="4">
    <subfield code="a">Betriebswirtschaftslehre</subfield>
  </datafield>
  <datafield tag="655" ind1=" " ind2="7">
    <subfield code="a">Hochschulschrift</subfield>
    <subfield code="0">(DE-588)4113937-9</subfield>
    <subfield code="0">(DE-627)105825778</subfield>
    <subfield code="0">(DE-576)209480580</subfield>
    <subfield code="2">gnd-content</subfield>
  </datafield>
  <datafield tag="689" ind1="0" ind2="0">
    <subfield code="D">s</subfield>
    <subfield code="0">(DE-588)4069402-1</subfield>
    <subfield code="0">(DE-627)106103520</subfield>
    <subfield code="0">(DE-576)209176709</subfield>
    <subfield code="a">Betriebswirtschaftslehre</subfield>
    <subfield code="2">gnd</subfield>
  </datafield>
  <datafield tag="689" ind1="0" ind2="1">
    <subfield code="D">s</subfield>
    <subfield code="0">(DE-588)4202404-3</subfield>
    <subfield code="0">(DE-627)10515881X</subfield>
    <subfield code="0">(DE-576)210148454</subfield>
    <subfield code="a">Unternehmensethik</subfield>
    <subfield code="2">gnd</subfield>
  </datafield>
  <datafield tag="689" ind1="0" ind2=" ">
    <subfield code="5">DE-101</subfield>
  </datafield>
  <datafield tag="776" ind1="1" ind2=" ">
    <subfield code="z">9783658364793</subfield>
  </datafield>
  <datafield tag="776" ind1="0" ind2="8">
    <subfield code="i">Erscheint auch als</subfield>
    <subfield code="n">Druck-Ausgabe</subfield>
    <subfield code="z">9783658364793</subfield>
  </datafield>
  <datafield tag="776" ind1="0" ind2="8">
    <subfield code="i">Erscheint auch als</subfield>
    <subfield code="n">Druck-Ausgabe</subfield>
    <subfield code="t">Subjektunabhängige, analytische Unternehmensethik</subfield>
    <subfield code="d">Wiesbaden : Springer Gabler, 2022</subfield>
    <subfield code="h">XXIII, 532 Seiten</subfield>
    <subfield code="w">(DE-627)1780028814</subfield>
  </datafield>
  <datafield tag="856" ind1="4" ind2="0">
    <subfield code="u">https://doi.org/10.1007/978-3-658-36480-9</subfield>
    <subfield code="m">X:SPRINGER</subfield>
    <subfield code="x">Resolving-System</subfield>
    <subfield code="z">kostenfrei</subfield>
  </datafield>
  <datafield tag="856" ind1="4" ind2="0">
    <subfield code="u">https://link.springer.com/content/pdf/10.1007/978-3-658-36480-9.pdf</subfield>
    <subfield code="x">Verlag</subfield>
    <subfield code="z">kostenfrei</subfield>
  </datafield>
  <datafield tag="912" ind1=" " ind2=" ">
    <subfield code="a">ZDB-2-SEB</subfield>
    <subfield code="b">2022</subfield>
  </datafield>
  <datafield tag="912" ind1=" " ind2=" ">
    <subfield code="a">ZDB-2-SOB</subfield>
    <subfield code="b">2022</subfield>
  </datafield>
  <datafield tag="912" ind1=" " ind2=" ">
    <subfield code="a">ZDB-2-SZR</subfield>
    <subfield code="b">2022</subfield>
  </datafield>
  <datafield tag="936" ind1="r" ind2="v">
    <subfield code="a">QP 150</subfield>
    <subfield code="b">Corporate Social Responsibility</subfield>
    <subfield code="k">Wirtschaftswissenschaften</subfield>
    <subfield code="k">Allgemeine Betriebswirtschaftslehre</subfield>
    <subfield code="k">Gegenstand, Methoden und Gesamtdarstellungen</subfield>
    <subfield code="k">Corporate Social Responsibility</subfield>
    <subfield code="0">(DE-627)1271511827</subfield>
    <subfield code="0">(DE-625)rvk/141836:</subfield>
    <subfield code="0">(DE-576)201511827</subfield>
  </datafield>
  <datafield tag="951" ind1=" " ind2=" ">
    <subfield code="a">BO</subfield>
  </datafield>
  <datafield tag="980" ind1=" " ind2=" ">
    <subfield code="2">26</subfield>
    <subfield code="1">01</subfield>
    <subfield code="x">206/1</subfield>
    <subfield code="b">4229007698</subfield>
    <subfield code="f">H:</subfield>
    <subfield code="d">ZSM</subfield>
    <subfield code="h">DA:ras</subfield>
    <subfield code="y">z1h</subfield>
    <subfield code="z">12-12-22</subfield>
  </datafield>
  <datafield tag="981" ind1=" " ind2=" ">
    <subfield code="2">26</subfield>
    <subfield code="1">01</subfield>
    <subfield code="x">206/1</subfield>
    <subfield code="y">Zugriff nur an Arbeitsplätzen in der ZBW</subfield>
    <subfield code="y">ZZ</subfield>
    <subfield code="r">https://hdl.handle.net/11159/12907</subfield>
  </datafield>
  <datafield tag="995" ind1=" " ind2=" ">
    <subfield code="2">26</subfield>
    <subfield code="1">01</subfield>
    <subfield code="x">206/1</subfield>
    <subfield code="a">DA:ras</subfield>
  </datafield>
</record>