
<?xml version="1.0" encoding="UTF-8"?>
<record xmlns="http://www.loc.gov/MARC21/slim">
  <leader>     naa a22        4500</leader>
  <controlfield tag="001">1821523415</controlfield>
  <controlfield tag="003">DE-627</controlfield>
  <controlfield tag="005">20221110080127.0</controlfield>
  <controlfield tag="007">cr uuu---uuuuu</controlfield>
  <controlfield tag="008">221110s2021    xx |||||o     00| ||eng c</controlfield>
  <datafield tag="035" ind1=" " ind2=" ">
    <subfield code="a">(DE-627)1821523415</subfield>
  </datafield>
  <datafield tag="035" ind1=" " ind2=" ">
    <subfield code="a">(DE-599)KXP1821523415</subfield>
  </datafield>
  <datafield tag="040" ind1=" " ind2=" ">
    <subfield code="a">DE-627</subfield>
    <subfield code="b">ger</subfield>
    <subfield code="c">DE-627</subfield>
    <subfield code="e">rda</subfield>
  </datafield>
  <datafield tag="041" ind1=" " ind2=" ">
    <subfield code="a">eng</subfield>
  </datafield>
  <datafield tag="100" ind1="1" ind2=" ">
    <subfield code="a">Desai, Sonalde</subfield>
    <subfield code="e">InterviewerIn</subfield>
    <subfield code="0">(DE-588)129805378</subfield>
    <subfield code="0">(DE-627)48070144X</subfield>
    <subfield code="0">(DE-576)183761936</subfield>
    <subfield code="4">ivr</subfield>
  </datafield>
  <datafield tag="245" ind1="1" ind2="0">
    <subfield code="a">India emerging from the long shadow of COVID-19</subfield>
    <subfield code="b">Policy Roundtable 2</subfield>
    <subfield code="c">Moderator: Sonalde Desai, Panelists: Gautam I. Menon, Farzana Afridi, Lant Pritchett and Renana Jhabvala</subfield>
  </datafield>
  <datafield tag="264" ind1=" " ind2="1">
    <subfield code="c">2021</subfield>
  </datafield>
  <datafield tag="336" ind1=" " ind2=" ">
    <subfield code="a">Text</subfield>
    <subfield code="b">txt</subfield>
    <subfield code="2">rdacontent</subfield>
  </datafield>
  <datafield tag="337" ind1=" " ind2=" ">
    <subfield code="a">Computermedien</subfield>
    <subfield code="b">c</subfield>
    <subfield code="2">rdamedia</subfield>
  </datafield>
  <datafield tag="338" ind1=" " ind2=" ">
    <subfield code="a">Online-Ressource</subfield>
    <subfield code="b">cr</subfield>
    <subfield code="2">rdacarrier</subfield>
  </datafield>
  <datafield tag="655" ind1=" " ind2="4">
    <subfield code="a">Aufsatz in Zeitschrift</subfield>
    <subfield code="5">DE-206</subfield>
  </datafield>
  <datafield tag="700" ind1="1" ind2=" ">
    <subfield code="a">Menon, Gautam I.</subfield>
    <subfield code="e">DiskussionsteilnehmerIn</subfield>
    <subfield code="4">pan</subfield>
  </datafield>
  <datafield tag="700" ind1="1" ind2=" ">
    <subfield code="a">Afridi, Farzana</subfield>
    <subfield code="e">DiskussionsteilnehmerIn</subfield>
    <subfield code="0">(DE-588)1034206354</subfield>
    <subfield code="0">(DE-627)745113893</subfield>
    <subfield code="0">(DE-576)381834700</subfield>
    <subfield code="4">pan</subfield>
  </datafield>
  <datafield tag="700" ind1="1" ind2=" ">
    <subfield code="a">Pritchett, Lant</subfield>
    <subfield code="e">DiskussionsteilnehmerIn</subfield>
    <subfield code="0">(DE-588)129241253</subfield>
    <subfield code="0">(DE-627)391464906</subfield>
    <subfield code="0">(DE-576)297557300</subfield>
    <subfield code="4">pan</subfield>
  </datafield>
  <datafield tag="700" ind1="1" ind2=" ">
    <subfield code="a">Jhabvala, Renana</subfield>
    <subfield code="d">1952-</subfield>
    <subfield code="e">DiskussionsteilnehmerIn</subfield>
    <subfield code="0">(DE-588)128771879</subfield>
    <subfield code="0">(DE-627)379675706</subfield>
    <subfield code="0">(DE-576)175246823</subfield>
    <subfield code="4">pan</subfield>
  </datafield>
  <datafield tag="773" ind1="0" ind2="8">
    <subfield code="i">Enthalten in</subfield>
    <subfield code="t">India policy forum</subfield>
    <subfield code="d">Los Angeles : Sage, 2004</subfield>
    <subfield code="d">Los Angeles : Sage, 2004</subfield>
    <subfield code="g">18(2021), Seite 181-189</subfield>
    <subfield code="h">Online-Ressource</subfield>
    <subfield code="h">Online-Ressource</subfield>
    <subfield code="w">(DE-627)684970228</subfield>
    <subfield code="w">(DE-600)2649828-5</subfield>
    <subfield code="w">(DE-576)358413176</subfield>
    <subfield code="x">0973-4805</subfield>
    <subfield code="7">nnns</subfield>
  </datafield>
  <datafield tag="773" ind1="1" ind2="8">
    <subfield code="g">volume:18</subfield>
    <subfield code="g">year:2021</subfield>
    <subfield code="g">pages:181-189</subfield>
  </datafield>
  <datafield tag="856" ind1="4" ind2="0">
    <subfield code="u">https://www.ncaer.org/wp-content/uploads/2022/09/IPF2021PolicyRoundtable2.pdf</subfield>
    <subfield code="x">Verlag</subfield>
    <subfield code="z">kostenfrei</subfield>
  </datafield>
  <datafield tag="936" ind1="u" ind2="w">
    <subfield code="d">18</subfield>
    <subfield code="j">2021</subfield>
    <subfield code="h">181-189</subfield>
  </datafield>
  <datafield tag="951" ind1=" " ind2=" ">
    <subfield code="a">AR</subfield>
  </datafield>
  <datafield tag="952" ind1=" " ind2=" ">
    <subfield code="d">18</subfield>
    <subfield code="j">2021</subfield>
    <subfield code="h">181-189</subfield>
  </datafield>
  <datafield tag="980" ind1=" " ind2=" ">
    <subfield code="2">26</subfield>
    <subfield code="1">01</subfield>
    <subfield code="x">0206</subfield>
    <subfield code="b">4208343303</subfield>
    <subfield code="h">DA:ras</subfield>
    <subfield code="y">x1z</subfield>
    <subfield code="z">10-11-22</subfield>
  </datafield>
  <datafield tag="981" ind1=" " ind2=" ">
    <subfield code="2">26</subfield>
    <subfield code="1">01</subfield>
    <subfield code="x">0206</subfield>
    <subfield code="y">Zugriff nur an Arbeitsplätzen in der ZBW</subfield>
    <subfield code="y">ZZ</subfield>
    <subfield code="r">https://hdl.handle.net/11159/12947</subfield>
  </datafield>
  <datafield tag="995" ind1=" " ind2=" ">
    <subfield code="2">26</subfield>
    <subfield code="1">01</subfield>
    <subfield code="x">0206</subfield>
    <subfield code="a">DA:ras</subfield>
  </datafield>
</record>