
<?xml version="1.0" encoding="UTF-8"?>
<record xmlns="http://www.loc.gov/MARC21/slim">
  <leader>     caa a22        4500</leader>
  <controlfield tag="001">1821522672</controlfield>
  <controlfield tag="003">DE-627</controlfield>
  <controlfield tag="005">20230124134041.0</controlfield>
  <controlfield tag="007">cr uuu---uuuuu</controlfield>
  <controlfield tag="008">221110s2021    xx |||||o     00| ||eng c</controlfield>
  <datafield tag="035" ind1=" " ind2=" ">
    <subfield code="a">(DE-627)1821522672</subfield>
  </datafield>
  <datafield tag="035" ind1=" " ind2=" ">
    <subfield code="a">(DE-599)KXP1821522672</subfield>
  </datafield>
  <datafield tag="040" ind1=" " ind2=" ">
    <subfield code="a">DE-627</subfield>
    <subfield code="b">ger</subfield>
    <subfield code="c">DE-627</subfield>
    <subfield code="e">rda</subfield>
  </datafield>
  <datafield tag="041" ind1=" " ind2=" ">
    <subfield code="a">eng</subfield>
  </datafield>
  <datafield tag="100" ind1="1" ind2=" ">
    <subfield code="a">Krishnan, K.P.</subfield>
    <subfield code="e">InterviewerIn</subfield>
    <subfield code="4">ivr</subfield>
  </datafield>
  <datafield tag="245" ind1="1" ind2="0">
    <subfield code="a">Future of India’s economic reforms</subfield>
    <subfield code="b">30 Years after &quot;Bata Teri Raza Kya Hai (What&apos;s your wish?)&quot;, looking back to look ahead, Policy Roundtable 1</subfield>
    <subfield code="c">Moderator: K.P. Krishnan, Panelists: T.V. Somanathan, Montek Singh Ahluwalia, Vijay L. Kelkar, Ashok Chawla</subfield>
  </datafield>
  <datafield tag="264" ind1=" " ind2="1">
    <subfield code="c">2021</subfield>
  </datafield>
  <datafield tag="336" ind1=" " ind2=" ">
    <subfield code="a">Text</subfield>
    <subfield code="b">txt</subfield>
    <subfield code="2">rdacontent</subfield>
  </datafield>
  <datafield tag="337" ind1=" " ind2=" ">
    <subfield code="a">Computermedien</subfield>
    <subfield code="b">c</subfield>
    <subfield code="2">rdamedia</subfield>
  </datafield>
  <datafield tag="338" ind1=" " ind2=" ">
    <subfield code="a">Online-Ressource</subfield>
    <subfield code="b">cr</subfield>
    <subfield code="2">rdacarrier</subfield>
  </datafield>
  <datafield tag="655" ind1=" " ind2="4">
    <subfield code="a">Aufsatz in Zeitschrift</subfield>
    <subfield code="5">DE-206</subfield>
  </datafield>
  <datafield tag="700" ind1="1" ind2=" ">
    <subfield code="a">Somanathan, T. V.</subfield>
    <subfield code="e">DiskussionsteilnehmerIn</subfield>
    <subfield code="0">(DE-588)1072653788</subfield>
    <subfield code="0">(DE-627)827954751</subfield>
    <subfield code="0">(DE-576)434156221</subfield>
    <subfield code="4">pan</subfield>
  </datafield>
  <datafield tag="700" ind1="1" ind2=" ">
    <subfield code="a">Ahluwalia, Montek S.</subfield>
    <subfield code="d">1943-</subfield>
    <subfield code="e">DiskussionsteilnehmerIn</subfield>
    <subfield code="0">(DE-588)170127141</subfield>
    <subfield code="0">(DE-627)060164522</subfield>
    <subfield code="4">pan</subfield>
  </datafield>
  <datafield tag="700" ind1="1" ind2=" ">
    <subfield code="a">Kelkar, Vijay L.</subfield>
    <subfield code="d">1942-</subfield>
    <subfield code="e">DiskussionsteilnehmerIn</subfield>
    <subfield code="0">(DE-588)170197387</subfield>
    <subfield code="0">(DE-627)060249382</subfield>
    <subfield code="0">(DE-576)131101544</subfield>
    <subfield code="4">pan</subfield>
  </datafield>
  <datafield tag="700" ind1="1" ind2=" ">
    <subfield code="a">Chawla, Ashok</subfield>
    <subfield code="e">DiskussionsteilnehmerIn</subfield>
    <subfield code="4">pan</subfield>
  </datafield>
  <datafield tag="773" ind1="0" ind2="8">
    <subfield code="i">Enthalten in</subfield>
    <subfield code="t">India policy forum</subfield>
    <subfield code="d">Los Angeles : Sage, 2004</subfield>
    <subfield code="d">Los Angeles : Sage, 2004</subfield>
    <subfield code="g">18(2021), Seite 173-180</subfield>
    <subfield code="h">Online-Ressource</subfield>
    <subfield code="h">Online-Ressource</subfield>
    <subfield code="w">(DE-627)684970228</subfield>
    <subfield code="w">(DE-600)2649828-5</subfield>
    <subfield code="w">(DE-576)358413176</subfield>
    <subfield code="x">0973-4805</subfield>
    <subfield code="7">nnns</subfield>
  </datafield>
  <datafield tag="773" ind1="1" ind2="8">
    <subfield code="g">volume:18</subfield>
    <subfield code="g">year:2021</subfield>
    <subfield code="g">pages:173-180</subfield>
  </datafield>
  <datafield tag="856" ind1="4" ind2="0">
    <subfield code="u">https://www.ncaer.org/wp-content/uploads/2022/09/IPF2021PolicyRoundtable1.pdf</subfield>
    <subfield code="x">Verlag</subfield>
    <subfield code="z">kostenfrei</subfield>
  </datafield>
  <datafield tag="936" ind1="u" ind2="w">
    <subfield code="d">18</subfield>
    <subfield code="j">2021</subfield>
    <subfield code="h">173-180</subfield>
  </datafield>
  <datafield tag="951" ind1=" " ind2=" ">
    <subfield code="a">AR</subfield>
  </datafield>
  <datafield tag="952" ind1=" " ind2=" ">
    <subfield code="d">18</subfield>
    <subfield code="j">2021</subfield>
    <subfield code="h">173-180</subfield>
  </datafield>
  <datafield tag="980" ind1=" " ind2=" ">
    <subfield code="2">26</subfield>
    <subfield code="1">01</subfield>
    <subfield code="x">0206</subfield>
    <subfield code="b">4208340797</subfield>
    <subfield code="h">DA:ras</subfield>
    <subfield code="y">x1z</subfield>
    <subfield code="z">10-11-22</subfield>
  </datafield>
  <datafield tag="981" ind1=" " ind2=" ">
    <subfield code="2">26</subfield>
    <subfield code="1">01</subfield>
    <subfield code="x">0206</subfield>
    <subfield code="y">Zugriff nur an Arbeitsplätzen in der ZBW</subfield>
    <subfield code="y">ZZ</subfield>
    <subfield code="r">https://hdl.handle.net/11159/12946</subfield>
  </datafield>
  <datafield tag="995" ind1=" " ind2=" ">
    <subfield code="2">26</subfield>
    <subfield code="1">01</subfield>
    <subfield code="x">0206</subfield>
    <subfield code="a">DA:ras</subfield>
  </datafield>
</record>