
<?xml version="1.0" encoding="UTF-8"?>
<record xmlns="http://www.loc.gov/MARC21/slim">
  <leader>     cam a22        4500</leader>
  <controlfield tag="001">1794599916</controlfield>
  <controlfield tag="003">DE-627</controlfield>
  <controlfield tag="005">20230110080639.0</controlfield>
  <controlfield tag="007">cr uuu---uuuuu</controlfield>
  <controlfield tag="008">220303s2021    gw |||||o     00| ||ger c</controlfield>
  <datafield tag="020" ind1=" " ind2=" ">
    <subfield code="a">9783662615225</subfield>
    <subfield code="9">978-3-662-61522-5</subfield>
  </datafield>
  <datafield tag="024" ind1="7" ind2=" ">
    <subfield code="a">20.500.12854/27533</subfield>
    <subfield code="2">hdl</subfield>
  </datafield>
  <datafield tag="035" ind1=" " ind2=" ">
    <subfield code="a">(DE-627)1794599916</subfield>
  </datafield>
  <datafield tag="035" ind1=" " ind2=" ">
    <subfield code="a">(DE-599)KEP076808505</subfield>
  </datafield>
  <datafield tag="035" ind1=" " ind2=" ">
    <subfield code="a">(DOAB)27533</subfield>
  </datafield>
  <datafield tag="035" ind1=" " ind2=" ">
    <subfield code="a">(EBP)076808505</subfield>
  </datafield>
  <datafield tag="040" ind1=" " ind2=" ">
    <subfield code="a">DE-627</subfield>
    <subfield code="b">ger</subfield>
    <subfield code="c">DE-627</subfield>
    <subfield code="e">rakwb</subfield>
  </datafield>
  <datafield tag="041" ind1=" " ind2=" ">
    <subfield code="a">ger</subfield>
  </datafield>
  <datafield tag="044" ind1=" " ind2=" ">
    <subfield code="c">XA-DE</subfield>
  </datafield>
  <datafield tag="084" ind1=" " ind2=" ">
    <subfield code="a">RNPG</subfield>
    <subfield code="2">bicssc</subfield>
  </datafield>
  <datafield tag="084" ind1=" " ind2=" ">
    <subfield code="a">RND</subfield>
    <subfield code="2">bicssc</subfield>
  </datafield>
  <datafield tag="084" ind1=" " ind2=" ">
    <subfield code="a">KNS</subfield>
    <subfield code="2">bicssc</subfield>
  </datafield>
  <datafield tag="245" ind1="1" ind2="0">
    <subfield code="a">Tourismus und Klimawandel</subfield>
    <subfield code="c">Ulrike Pröbstl-Haider, Dagmar Lund-Durlacher, Marc Olefs, Franz Prettenthaler, Hrsg.</subfield>
  </datafield>
  <datafield tag="264" ind1=" " ind2="1">
    <subfield code="a">Berlin, Germany</subfield>
    <subfield code="b">Springer Spektrum</subfield>
    <subfield code="c">2021</subfield>
  </datafield>
  <datafield tag="300" ind1=" " ind2=" ">
    <subfield code="a">1 Online-Ressource (258 Seiten)</subfield>
    <subfield code="b">Illustrationen</subfield>
  </datafield>
  <datafield tag="336" ind1=" " ind2=" ">
    <subfield code="a">Text</subfield>
    <subfield code="b">txt</subfield>
    <subfield code="2">rdacontent</subfield>
  </datafield>
  <datafield tag="337" ind1=" " ind2=" ">
    <subfield code="a">Computermedien</subfield>
    <subfield code="b">c</subfield>
    <subfield code="2">rdamedia</subfield>
  </datafield>
  <datafield tag="338" ind1=" " ind2=" ">
    <subfield code="a">Online-Ressource</subfield>
    <subfield code="b">cr</subfield>
    <subfield code="2">rdacarrier</subfield>
  </datafield>
  <datafield tag="506" ind1="0" ind2=" ">
    <subfield code="a">Open Access</subfield>
    <subfield code="f">Unrestricted online access</subfield>
    <subfield code="2">star</subfield>
  </datafield>
  <datafield tag="520" ind1=" " ind2=" ">
    <subfield code="a">Diese Open-Access-Publikation beleuchtet die komplexen Beziehungen zwischen Tourismus und Klimawandel für die Tourismusdestination Österreich und basiert auf einer umfassenden Erhebung, Zusammenfassung und Bewertung des aktuellen Standes der Forschung zu diesem Thema. Für diesen Bericht haben 40 Wissenschaftler*innen führender Forschungseinrichtungen, unterstützt durch ein internationales Team an Begutachter*innen, mehr als zwei Jahre intensiv zusammengearbeitet. Die dargestellten Forschungsarbeiten zum Einfluss des Klimawandels auf den Tourismus gehen davon aus, dass sich die in den nächsten Jahrzehnten zu erwartenden Veränderungen des Klimas sehr stark auf die österreichische Tourismusbranche auswirken werden. Allerdings fällt dem Sektor auch eine nicht unerhebliche Rolle als Mitverursacher des Klimawandels zu. Aktuellen Untersuchungen zufolge verursacht der Tourismus rund 8% aller globalen CO2-Emissionen. Vor diesem Hintergrund werden für die verschiedenen Teilaspekte des touristischen Angebots geeignete Minderungs- und Anpassungsmaßnahmen vorgestellt und diskutiert. Der Bericht verdeutlicht insbesondere die spezifische Betroffenheit der touristischen Outdoor-Aktivitäten vom Wintersport bis zum Golftourismus, beschreibt die neuen Herausforderungen für den Städtetourismus und die Organisation von Events und beleuchtet ausführlich, wie Anpassungsmöglichkeiten, insbesondere im Bereich der Mobilität, der Beherbergung, touristischer Indoor-Angebote, sowie der Gastronomie und Kulinarik, ausgestaltet und umgesetzt werden können. Dabei werden die Verantwortung und die Möglichkeiten des Reisenden ebenso dargestellt, wie die Handlungsoptionen von Betrieben, Destinationen und der rahmensetzenden nationalen Politik. Das Buch macht deutlich, dass, um die Pariser Klimaziele erreichen zu können, ein veränderter Lebensstil und rasche Umsetzungsschritte notwendig sind. Wie dieser „Paris-Lifestyle“ erreicht werden könnte und welche Herausforderungen auf diesem Weg bewältigt werden müssen, verdeutlichen die zusammenfassenden Schlusskapitel. Die vorliegende differenzierte Aufbereitung des Themas für alle Reisenden, die Tourismusbranche und die Politik war nur durch eine gezielte Förderung aus Mitteln des Klima- und Energiefonds im Rahmen des Programms „Austrian Climate Research Programme – ACRP“ möglich.</subfield>
  </datafield>
  <datafield tag="540" ind1=" " ind2=" ">
    <subfield code="q">DE-206</subfield>
    <subfield code="a">Namensnennung 4.0 International</subfield>
    <subfield code="f">CC BY 4.0</subfield>
    <subfield code="2">cc</subfield>
    <subfield code="u">http://creativecommons.org/licenses/by/4.0/deed.de</subfield>
  </datafield>
  <datafield tag="546" ind1=" " ind2=" ">
    <subfield code="a">German</subfield>
  </datafield>
  <datafield tag="650" ind1=" " ind2="4">
    <subfield code="a">Climate Change</subfield>
  </datafield>
  <datafield tag="650" ind1=" " ind2="4">
    <subfield code="a">Climate Change/Climate Change Impacts</subfield>
  </datafield>
  <datafield tag="650" ind1=" " ind2="4">
    <subfield code="a">Climate Change Management and Policy</subfield>
  </datafield>
  <datafield tag="650" ind1=" " ind2="4">
    <subfield code="a">Tourism Management</subfield>
  </datafield>
  <datafield tag="650" ind1=" " ind2="4">
    <subfield code="a">Environmental Sciences</subfield>
  </datafield>
  <datafield tag="650" ind1=" " ind2="4">
    <subfield code="a">Earth System Sciences</subfield>
  </datafield>
  <datafield tag="650" ind1=" " ind2="4">
    <subfield code="a">Industries</subfield>
  </datafield>
  <datafield tag="650" ind1=" " ind2="4">
    <subfield code="a">Klimawandel</subfield>
  </datafield>
  <datafield tag="650" ind1=" " ind2="4">
    <subfield code="a">Tourismus</subfield>
  </datafield>
  <datafield tag="650" ind1=" " ind2="4">
    <subfield code="a">Klima</subfield>
  </datafield>
  <datafield tag="650" ind1=" " ind2="4">
    <subfield code="a">Mobilität</subfield>
  </datafield>
  <datafield tag="650" ind1=" " ind2="4">
    <subfield code="a">Transport</subfield>
  </datafield>
  <datafield tag="650" ind1=" " ind2="4">
    <subfield code="a">Fremdenverkehr</subfield>
  </datafield>
  <datafield tag="650" ind1=" " ind2="4">
    <subfield code="a">Beherbergungsbetriebe</subfield>
  </datafield>
  <datafield tag="650" ind1=" " ind2="4">
    <subfield code="a">Gastronomie</subfield>
  </datafield>
  <datafield tag="650" ind1=" " ind2="4">
    <subfield code="a">Outdoor-Aktivitäten</subfield>
  </datafield>
  <datafield tag="650" ind1=" " ind2="4">
    <subfield code="a">Wirtschaft</subfield>
  </datafield>
  <datafield tag="650" ind1=" " ind2="4">
    <subfield code="a">The environment</subfield>
  </datafield>
  <datafield tag="650" ind1=" " ind2="4">
    <subfield code="a">Hospitality</subfield>
  </datafield>
  <datafield tag="650" ind1=" " ind2="4">
    <subfield code="a">leisure &amp; tourism industries</subfield>
  </datafield>
  <datafield tag="650" ind1=" " ind2="4">
    <subfield code="a">Climate change</subfield>
  </datafield>
  <datafield tag="650" ind1=" " ind2="4">
    <subfield code="a">Environmental policy &amp; protocols</subfield>
  </datafield>
  <datafield tag="650" ind1=" " ind2="4">
    <subfield code="a">Service industries</subfield>
  </datafield>
  <datafield tag="655" ind1=" " ind2="7">
    <subfield code="a">Aufsatzsammlung</subfield>
    <subfield code="0">(DE-588)4143413-4</subfield>
    <subfield code="0">(DE-627)105605727</subfield>
    <subfield code="0">(DE-576)209726091</subfield>
    <subfield code="2">gnd-content</subfield>
  </datafield>
  <datafield tag="700" ind1="1" ind2=" ">
    <subfield code="a">Pröbstl, Ulrike</subfield>
    <subfield code="d">1960-</subfield>
    <subfield code="e">HerausgeberIn</subfield>
    <subfield code="0">(DE-588)111843782</subfield>
    <subfield code="0">(DE-627)510150195</subfield>
    <subfield code="0">(DE-576)289713900</subfield>
    <subfield code="4">edt</subfield>
  </datafield>
  <datafield tag="700" ind1="1" ind2=" ">
    <subfield code="a">Lund-Durlacher, Dagmar</subfield>
    <subfield code="d">1961-</subfield>
    <subfield code="e">HerausgeberIn</subfield>
    <subfield code="0">(DE-588)1131886364</subfield>
    <subfield code="0">(DE-627)886934567</subfield>
    <subfield code="0">(DE-576)488553881</subfield>
    <subfield code="4">edt</subfield>
  </datafield>
  <datafield tag="700" ind1="1" ind2=" ">
    <subfield code="a">Olefs, Marc</subfield>
    <subfield code="d">19XX-</subfield>
    <subfield code="e">HerausgeberIn</subfield>
    <subfield code="0">(DE-588)1222455676</subfield>
    <subfield code="0">(DE-627)1741505232</subfield>
    <subfield code="4">edt</subfield>
  </datafield>
  <datafield tag="700" ind1="1" ind2=" ">
    <subfield code="a">Prettenthaler, Franz</subfield>
    <subfield code="d">1972-</subfield>
    <subfield code="e">HerausgeberIn</subfield>
    <subfield code="0">(DE-588)136611737</subfield>
    <subfield code="0">(DE-627)605241252</subfield>
    <subfield code="4">edt</subfield>
  </datafield>
  <datafield tag="776" ind1="1" ind2=" ">
    <subfield code="z">9783662615218</subfield>
  </datafield>
  <datafield tag="856" ind1="4" ind2="0">
    <subfield code="u">https://directory.doabooks.org/handle/20.500.12854/27533</subfield>
    <subfield code="m">X:DOAB</subfield>
    <subfield code="x">Verlag</subfield>
    <subfield code="z">kostenfrei</subfield>
  </datafield>
  <datafield tag="856" ind1="4" ind2="0">
    <subfield code="u">https://library.oapen.org/bitstream/handle/20.500.12657/43300/2021_Book_TourismusUndKlimawandel.pdf</subfield>
    <subfield code="x">Verlag</subfield>
    <subfield code="z">kostenfrei</subfield>
  </datafield>
  <datafield tag="912" ind1=" " ind2=" ">
    <subfield code="a">ZDB-94-OAB</subfield>
  </datafield>
  <datafield tag="951" ind1=" " ind2=" ">
    <subfield code="a">BO</subfield>
  </datafield>
  <datafield tag="980" ind1=" " ind2=" ">
    <subfield code="2">26</subfield>
    <subfield code="1">01</subfield>
    <subfield code="x">206/1</subfield>
    <subfield code="b">4245130415</subfield>
    <subfield code="f">H:</subfield>
    <subfield code="d">ZSM</subfield>
    <subfield code="h">DA:ras</subfield>
    <subfield code="y">z1h</subfield>
    <subfield code="z">09-01-23</subfield>
  </datafield>
  <datafield tag="981" ind1=" " ind2=" ">
    <subfield code="2">26</subfield>
    <subfield code="1">01</subfield>
    <subfield code="x">206/1</subfield>
    <subfield code="y">Zugriff nur an Arbeitsplätzen in der ZBW</subfield>
    <subfield code="y">ZZ</subfield>
    <subfield code="r">https://hdl.handle.net/11159/12926</subfield>
  </datafield>
  <datafield tag="995" ind1=" " ind2=" ">
    <subfield code="2">26</subfield>
    <subfield code="1">01</subfield>
    <subfield code="x">206/1</subfield>
    <subfield code="a">DA:ras</subfield>
  </datafield>
</record>