
<?xml version="1.0" encoding="UTF-8"?>
<record xmlns="http://www.loc.gov/MARC21/slim">
  <leader>     cam a22        4500</leader>
  <controlfield tag="001">1794585990</controlfield>
  <controlfield tag="003">DE-627</controlfield>
  <controlfield tag="005">20230119141910.0</controlfield>
  <controlfield tag="007">cr uuu---uuuuu</controlfield>
  <controlfield tag="008">220303s2021    gw |||||o     00| ||ger c</controlfield>
  <datafield tag="020" ind1=" " ind2=" ">
    <subfield code="a">9783662639290</subfield>
    <subfield code="9">978-3-662-63929-0</subfield>
  </datafield>
  <datafield tag="024" ind1="7" ind2=" ">
    <subfield code="a">20.500.12854/72809</subfield>
    <subfield code="2">hdl</subfield>
  </datafield>
  <datafield tag="035" ind1=" " ind2=" ">
    <subfield code="a">(DE-627)1794585990</subfield>
  </datafield>
  <datafield tag="035" ind1=" " ind2=" ">
    <subfield code="a">(DE-599)KEP076822346</subfield>
  </datafield>
  <datafield tag="035" ind1=" " ind2=" ">
    <subfield code="a">(DOAB)72809</subfield>
  </datafield>
  <datafield tag="035" ind1=" " ind2=" ">
    <subfield code="a">(EBP)076822346</subfield>
  </datafield>
  <datafield tag="040" ind1=" " ind2=" ">
    <subfield code="a">DE-627</subfield>
    <subfield code="b">ger</subfield>
    <subfield code="c">DE-627</subfield>
    <subfield code="e">rakwb</subfield>
  </datafield>
  <datafield tag="041" ind1=" " ind2=" ">
    <subfield code="a">ger</subfield>
  </datafield>
  <datafield tag="044" ind1=" " ind2=" ">
    <subfield code="c">XA-DE</subfield>
  </datafield>
  <datafield tag="082" ind1="0" ind2=" ">
    <subfield code="a">338.4361510943</subfield>
    <subfield code="q">SEPA</subfield>
  </datafield>
  <datafield tag="084" ind1=" " ind2=" ">
    <subfield code="a">MBN</subfield>
    <subfield code="2">bicssc</subfield>
  </datafield>
  <datafield tag="084" ind1=" " ind2=" ">
    <subfield code="a">MMG</subfield>
    <subfield code="2">bicssc</subfield>
  </datafield>
  <datafield tag="084" ind1=" " ind2=" ">
    <subfield code="a">KCQ</subfield>
    <subfield code="2">bicssc</subfield>
  </datafield>
  <datafield tag="084" ind1=" " ind2=" ">
    <subfield code="a">44.40</subfield>
    <subfield code="2">bkl</subfield>
  </datafield>
  <datafield tag="084" ind1=" " ind2=" ">
    <subfield code="a">58.28</subfield>
    <subfield code="2">bkl</subfield>
  </datafield>
  <datafield tag="245" ind1="1" ind2="0">
    <subfield code="a">Arzneimittel-Kompass 2021</subfield>
    <subfield code="b">hochpreisige Arzneimittel - Herausforderung und Perspektiven</subfield>
    <subfield code="c">Helmut Schröder, Petra A. Thürmann, Carsten Telschow, Melanie Schröder, Reinhard Busse (Hrsg.)</subfield>
  </datafield>
  <datafield tag="264" ind1=" " ind2="1">
    <subfield code="a">Berlin, Germany</subfield>
    <subfield code="b">Springer Nature</subfield>
    <subfield code="c">2021</subfield>
  </datafield>
  <datafield tag="300" ind1=" " ind2=" ">
    <subfield code="a">1 Online-Ressource (307 Seiten)</subfield>
    <subfield code="b">Illustrationen</subfield>
  </datafield>
  <datafield tag="336" ind1=" " ind2=" ">
    <subfield code="a">Text</subfield>
    <subfield code="b">txt</subfield>
    <subfield code="2">rdacontent</subfield>
  </datafield>
  <datafield tag="337" ind1=" " ind2=" ">
    <subfield code="a">Computermedien</subfield>
    <subfield code="b">c</subfield>
    <subfield code="2">rdamedia</subfield>
  </datafield>
  <datafield tag="338" ind1=" " ind2=" ">
    <subfield code="a">Online-Ressource</subfield>
    <subfield code="b">cr</subfield>
    <subfield code="2">rdacarrier</subfield>
  </datafield>
  <datafield tag="506" ind1="0" ind2=" ">
    <subfield code="a">Open Access</subfield>
    <subfield code="f">Unrestricted online access</subfield>
    <subfield code="2">star</subfield>
  </datafield>
  <datafield tag="520" ind1=" " ind2=" ">
    <subfield code="a">Der Arzneimittel-Kompass, der sowohl als Open-Access-Publikation als auch als gedrucktes Buch erscheint, widmet sich in seiner ersten Ausgabe dem Schwerpunktthema „Hochpreisige Arzneimittel – Herausforderung und Perspektiven“. Angesichts der hohen Preise für Arzneimittel analysieren namhafte Autorinnen und Autoren, wie eine faire Preisgestaltung gelingen kann. Einerseits gilt es, die Forschung und Entwicklung eines Arzneimittels adäquat zu honorieren, andererseits aber auch die Verfügbarkeit von bezahlbaren Medikamenten sicherzustellen. Der Arzneimittel-Kompass 2021 geht unter anderem den folgenden Fragen nach: Wie kann die gesellschaftliche Zahlungsbereitschaft für neue und hochpreisige Arzneimittel objektiver beurteilt werden? Welchen Zusammenhang gibt es zwischen dem Nutzen von Arzneimitteln für die Behandelten und den aufgerufenen Preisen, insbesondere bei den Krebstherapien? Wie können die renditemaximierende Wachstumsstrategie börsennotierter Pharmaunternehmen und eine bezahlbare Arzneimittelversorgung in Einklang gebracht werden? Welche Verfahren der Preisfindung kommen international zur Anwendung und welche möglichen neuen Modelle werden diskutiert? Wie werden die Herausforderungen und der Weiterentwicklungsbedarf der Preisfindung von den Marktakteuren wie gesetzlichen Krankenkassen, Ärztinnen und Ärzten oder pharmazeutischer Industrie bewertet? Zentrale Entwicklungen im Arzneimittelmarkt werden beschrieben und analysiert Die Ausgaben für Arzneimittel und Impfstoffe, die im Jahr 2020 mit 47,8 Mrd. € einen neuen Höchststand erreicht haben, werden differenziert in den Blick genommen. Die Auswertungen basieren auf 820 Millionen Verordnungen von mehr als 210.000 Ärztinnen und Ärzten für 73,4 Mio. GKV-Versicherte. Besondere Beachtung gilt den Trends in den Marktsegmenten Generika, Biosimilars, Patentarzneimittel und Orphan Drugs. Die Wirksamkeit der gesetzlichen Regulierungsinstrumente wird gleichfalls betrachtet.</subfield>
  </datafield>
  <datafield tag="540" ind1=" " ind2=" ">
    <subfield code="q">DE-206</subfield>
    <subfield code="a">Namensnennung 4.0 International</subfield>
    <subfield code="f">CC BY 4.0</subfield>
    <subfield code="2">cc</subfield>
    <subfield code="u">http://creativecommons.org/licenses/by/4.0/deed.de</subfield>
  </datafield>
  <datafield tag="546" ind1=" " ind2=" ">
    <subfield code="a">German</subfield>
  </datafield>
  <datafield tag="650" ind1=" " ind2="4">
    <subfield code="a">Arzneimittelpreise</subfield>
  </datafield>
  <datafield tag="650" ind1=" " ind2="4">
    <subfield code="a">pharmazeutische Industrie</subfield>
  </datafield>
  <datafield tag="650" ind1=" " ind2="4">
    <subfield code="a">Gesundheitssystem</subfield>
  </datafield>
  <datafield tag="650" ind1=" " ind2="4">
    <subfield code="a">Kostendämpfung im Gesundheitssystem</subfield>
  </datafield>
  <datafield tag="650" ind1=" " ind2="4">
    <subfield code="a">Gesundheitsökonomie</subfield>
  </datafield>
  <datafield tag="650" ind1=" " ind2="4">
    <subfield code="a">Patentschutz</subfield>
  </datafield>
  <datafield tag="650" ind1=" " ind2="4">
    <subfield code="a">Arzneimittelversorgung</subfield>
  </datafield>
  <datafield tag="650" ind1=" " ind2="4">
    <subfield code="a">Preisregulierung bei Arzneimitteln</subfield>
  </datafield>
  <datafield tag="650" ind1=" " ind2="4">
    <subfield code="a">Hochpreis-Arzneimittel</subfield>
  </datafield>
  <datafield tag="650" ind1=" " ind2="4">
    <subfield code="a">Hochpreisarzneimittel</subfield>
  </datafield>
  <datafield tag="650" ind1=" " ind2="4">
    <subfield code="a">Onkologica</subfield>
  </datafield>
  <datafield tag="650" ind1=" " ind2="4">
    <subfield code="a">Pharmamarkt</subfield>
  </datafield>
  <datafield tag="650" ind1=" " ind2="4">
    <subfield code="a">Gesetzliche Krankenversicherung</subfield>
  </datafield>
  <datafield tag="650" ind1=" " ind2="4">
    <subfield code="a">GKV</subfield>
  </datafield>
  <datafield tag="650" ind1=" " ind2="4">
    <subfield code="a">AMNOG</subfield>
  </datafield>
  <datafield tag="650" ind1=" " ind2="4">
    <subfield code="a">Public health &amp; preventive medicine</subfield>
  </datafield>
  <datafield tag="650" ind1=" " ind2="4">
    <subfield code="a">Pharmacology</subfield>
  </datafield>
  <datafield tag="650" ind1=" " ind2="4">
    <subfield code="a">Health economics</subfield>
  </datafield>
  <datafield tag="655" ind1=" " ind2="7">
    <subfield code="a">Aufsatzsammlung</subfield>
    <subfield code="0">(DE-588)4143413-4</subfield>
    <subfield code="0">(DE-627)105605727</subfield>
    <subfield code="0">(DE-576)209726091</subfield>
    <subfield code="2">gnd-content</subfield>
  </datafield>
  <datafield tag="689" ind1="0" ind2="0">
    <subfield code="D">g</subfield>
    <subfield code="0">(DE-588)4011882-4</subfield>
    <subfield code="0">(DE-627)104704861</subfield>
    <subfield code="0">(DE-576)208896155</subfield>
    <subfield code="a">Deutschland</subfield>
    <subfield code="2">gnd</subfield>
  </datafield>
  <datafield tag="689" ind1="0" ind2="1">
    <subfield code="D">s</subfield>
    <subfield code="0">(DE-588)4418449-9</subfield>
    <subfield code="0">(DE-627)213732858</subfield>
    <subfield code="0">(DE-576)212239848</subfield>
    <subfield code="a">Arzneimittelwirtschaft</subfield>
    <subfield code="2">gnd</subfield>
  </datafield>
  <datafield tag="689" ind1="0" ind2="2">
    <subfield code="D">s</subfield>
    <subfield code="0">(DE-588)4139908-0</subfield>
    <subfield code="0">(DE-627)105631906</subfield>
    <subfield code="0">(DE-576)209698306</subfield>
    <subfield code="a">Arzneimittelpreis</subfield>
    <subfield code="2">gnd</subfield>
  </datafield>
  <datafield tag="689" ind1="0" ind2="3">
    <subfield code="D">s</subfield>
    <subfield code="0">(DE-588)4201190-5</subfield>
    <subfield code="0">(DE-627)105167835</subfield>
    <subfield code="0">(DE-576)210140321</subfield>
    <subfield code="a">Regulierung</subfield>
    <subfield code="2">gnd</subfield>
  </datafield>
  <datafield tag="689" ind1="0" ind2="4">
    <subfield code="D">s</subfield>
    <subfield code="0">(DE-588)4071796-3</subfield>
    <subfield code="0">(DE-627)106096923</subfield>
    <subfield code="0">(DE-576)209184949</subfield>
    <subfield code="a">Gesetzliche Krankenversicherung</subfield>
    <subfield code="2">gnd</subfield>
  </datafield>
  <datafield tag="689" ind1="0" ind2=" ">
    <subfield code="5">DE-101</subfield>
  </datafield>
  <datafield tag="700" ind1="1" ind2=" ">
    <subfield code="a">Schröder, Helmut</subfield>
    <subfield code="d">1965-</subfield>
    <subfield code="e">HerausgeberIn</subfield>
    <subfield code="0">(DE-588)1017478368</subfield>
    <subfield code="0">(DE-627)674656245</subfield>
    <subfield code="0">(DE-576)353806404</subfield>
    <subfield code="4">edt</subfield>
  </datafield>
  <datafield tag="700" ind1="1" ind2=" ">
    <subfield code="a">Thürmann, Petra A.</subfield>
    <subfield code="d">1960-</subfield>
    <subfield code="e">HerausgeberIn</subfield>
    <subfield code="0">(DE-588)1138594857</subfield>
    <subfield code="0">(DE-627)896103978</subfield>
    <subfield code="0">(DE-576)492607729</subfield>
    <subfield code="4">edt</subfield>
  </datafield>
  <datafield tag="700" ind1="1" ind2=" ">
    <subfield code="a">Telschow, Carsten</subfield>
    <subfield code="e">HerausgeberIn</subfield>
    <subfield code="0">(DE-588)1213906199</subfield>
    <subfield code="0">(DE-627)1724929372</subfield>
    <subfield code="4">edt</subfield>
  </datafield>
  <datafield tag="700" ind1="1" ind2=" ">
    <subfield code="a">Schröder, Melanie</subfield>
    <subfield code="e">HerausgeberIn</subfield>
    <subfield code="0">(DE-588)1050624068</subfield>
    <subfield code="0">(DE-627)784290288</subfield>
    <subfield code="0">(DE-576)404892973</subfield>
    <subfield code="4">edt</subfield>
  </datafield>
  <datafield tag="700" ind1="1" ind2=" ">
    <subfield code="a">Busse, Reinhard</subfield>
    <subfield code="d">1963-</subfield>
    <subfield code="e">HerausgeberIn</subfield>
    <subfield code="0">(DE-588)132798662</subfield>
    <subfield code="0">(DE-627)526976616</subfield>
    <subfield code="0">(DE-576)166048585</subfield>
    <subfield code="4">edt</subfield>
  </datafield>
  <datafield tag="776" ind1="1" ind2=" ">
    <subfield code="z">9783662639283</subfield>
  </datafield>
  <datafield tag="776" ind1="0" ind2="8">
    <subfield code="i">Erscheint auch als</subfield>
    <subfield code="n">Druck-Ausgabe</subfield>
    <subfield code="a">Schröder, Helmut *1965-*</subfield>
    <subfield code="t">Arzneimittel-Kompass 2021</subfield>
    <subfield code="d">Berlin, Germany : Springer, 2021</subfield>
    <subfield code="h">XIV, 307 Seiten</subfield>
    <subfield code="w">(DE-627)1761677179</subfield>
  </datafield>
  <datafield tag="856" ind1="4" ind2="0">
    <subfield code="u">https://directory.doabooks.org/handle/20.500.12854/72809</subfield>
    <subfield code="m">X:DOAB</subfield>
    <subfield code="x">Verlag</subfield>
    <subfield code="z">kostenfrei</subfield>
  </datafield>
  <datafield tag="856" ind1="4" ind2="0">
    <subfield code="u">https://library.oapen.org/bitstream/handle/20.500.12657/51497/9783662639290.pdf</subfield>
    <subfield code="x">Verlag</subfield>
    <subfield code="z">kostenfrei</subfield>
  </datafield>
  <datafield tag="912" ind1=" " ind2=" ">
    <subfield code="a">ZDB-94-OAB</subfield>
  </datafield>
  <datafield tag="936" ind1="b" ind2="k">
    <subfield code="a">44.40</subfield>
    <subfield code="j">Pharmazie</subfield>
    <subfield code="j">Pharmazeutika</subfield>
    <subfield code="q">SEPA</subfield>
    <subfield code="0">(DE-627)106423304</subfield>
  </datafield>
  <datafield tag="936" ind1="b" ind2="k">
    <subfield code="a">58.28</subfield>
    <subfield code="j">Pharmazeutische Technologie</subfield>
    <subfield code="q">SEPA</subfield>
    <subfield code="0">(DE-627)106417622</subfield>
  </datafield>
  <datafield tag="951" ind1=" " ind2=" ">
    <subfield code="a">BO</subfield>
  </datafield>
  <datafield tag="980" ind1=" " ind2=" ">
    <subfield code="2">26</subfield>
    <subfield code="1">01</subfield>
    <subfield code="x">0206</subfield>
    <subfield code="b">4245146680</subfield>
    <subfield code="f">K:</subfield>
    <subfield code="d">ZSM</subfield>
    <subfield code="h">DA:ras</subfield>
    <subfield code="y">z1k</subfield>
    <subfield code="z">09-01-23</subfield>
  </datafield>
  <datafield tag="981" ind1=" " ind2=" ">
    <subfield code="2">26</subfield>
    <subfield code="1">01</subfield>
    <subfield code="x">0206</subfield>
    <subfield code="y">Zugriff nur an Arbeitsplätzen in der ZBW</subfield>
    <subfield code="y">ZZ</subfield>
    <subfield code="r">https://hdl.handle.net/11159/12923</subfield>
  </datafield>
  <datafield tag="995" ind1=" " ind2=" ">
    <subfield code="2">26</subfield>
    <subfield code="1">01</subfield>
    <subfield code="x">0206</subfield>
    <subfield code="a">DA:ras</subfield>
  </datafield>
</record>