
<?xml version="1.0" encoding="UTF-8"?>
<record xmlns="http://www.loc.gov/MARC21/slim">
  <leader>     cam a22        4500</leader>
  <controlfield tag="001">1778425003</controlfield>
  <controlfield tag="003">DE-627</controlfield>
  <controlfield tag="005">20230126140556.0</controlfield>
  <controlfield tag="007">cr uuu---uuuuu</controlfield>
  <controlfield tag="008">211123s2021    sz |||||o     00| ||eng c</controlfield>
  <datafield tag="020" ind1=" " ind2=" ">
    <subfield code="a">9783030509910</subfield>
    <subfield code="9">978-3-030-50991-0</subfield>
  </datafield>
  <datafield tag="024" ind1="7" ind2=" ">
    <subfield code="a">20.500.12854/31282</subfield>
    <subfield code="2">hdl</subfield>
  </datafield>
  <datafield tag="035" ind1=" " ind2=" ">
    <subfield code="a">(DE-627)1778425003</subfield>
  </datafield>
  <datafield tag="035" ind1=" " ind2=" ">
    <subfield code="a">(DE-599)KEP069454051</subfield>
  </datafield>
  <datafield tag="035" ind1=" " ind2=" ">
    <subfield code="a">(DOAB)31282</subfield>
  </datafield>
  <datafield tag="035" ind1=" " ind2=" ">
    <subfield code="a">(EBP)069454051</subfield>
  </datafield>
  <datafield tag="040" ind1=" " ind2=" ">
    <subfield code="a">DE-627</subfield>
    <subfield code="b">ger</subfield>
    <subfield code="c">DE-627</subfield>
    <subfield code="e">rakwb</subfield>
  </datafield>
  <datafield tag="041" ind1=" " ind2=" ">
    <subfield code="a">eng</subfield>
  </datafield>
  <datafield tag="044" ind1=" " ind2=" ">
    <subfield code="c">XA-CH</subfield>
  </datafield>
  <datafield tag="084" ind1=" " ind2=" ">
    <subfield code="a">TVB</subfield>
    <subfield code="2">bicssc</subfield>
  </datafield>
  <datafield tag="084" ind1=" " ind2=" ">
    <subfield code="a">KJMV6</subfield>
    <subfield code="2">bicssc</subfield>
  </datafield>
  <datafield tag="245" ind1="1" ind2="4">
    <subfield code="a">The innovation revolution in agriculture</subfield>
    <subfield code="b">a roadmap to value creation</subfield>
    <subfield code="c">Hugo Campos, editor</subfield>
  </datafield>
  <datafield tag="264" ind1=" " ind2="1">
    <subfield code="a">Cham, Switzerland</subfield>
    <subfield code="b">Springer Nature</subfield>
    <subfield code="c">2021</subfield>
  </datafield>
  <datafield tag="300" ind1=" " ind2=" ">
    <subfield code="a">1 Online-Ressource (234 Seiten)</subfield>
    <subfield code="b">Illustrationen</subfield>
  </datafield>
  <datafield tag="336" ind1=" " ind2=" ">
    <subfield code="a">Text</subfield>
    <subfield code="b">txt</subfield>
    <subfield code="2">rdacontent</subfield>
  </datafield>
  <datafield tag="337" ind1=" " ind2=" ">
    <subfield code="a">Computermedien</subfield>
    <subfield code="b">c</subfield>
    <subfield code="2">rdamedia</subfield>
  </datafield>
  <datafield tag="338" ind1=" " ind2=" ">
    <subfield code="a">Online-Ressource</subfield>
    <subfield code="b">cr</subfield>
    <subfield code="2">rdacarrier</subfield>
  </datafield>
  <datafield tag="506" ind1="0" ind2=" ">
    <subfield code="a">Open Access</subfield>
    <subfield code="f">Unrestricted online access</subfield>
    <subfield code="2">star</subfield>
  </datafield>
  <datafield tag="520" ind1=" " ind2=" ">
    <subfield code="a">This open access book is an important reframing of the role of innovation in agriculture. Dr. Campos and his distinguished coauthors address the need for agriculture to feed a growing global population with a reduced environmental footprint while adapting to and mitigating the effects of changing climate. The authors expand the customary discussion of innovation in terms of supply driven R&amp;D to focus on the returns to investors and most importantly, the value to end-users. This is brought to life by exploring effective business models and many cases from agricultural systems across the globe. The focus on converting the results of innovation in R&amp;D into adoption by farmers and other end-users is its greatest contribution. Many lessons from the book can be applied to private and public sectors across an array of agricultural systems. This book will be of enormous value to agri-business professionals, NGO leaders, agricultural and development researchers and those funding innovation and agriculture across the private and public sectors. Tony Cavalieri, Senior Program Officer, Bill &amp; Melinda Gates Foundation Hugo Campos, Ph.D., MBA, has 20+ years of international corporate and development experience. His distinguished coauthors represent a rich collection of successful innovation practice in industry, consultancy, international development and academy, in both developed and developing countries.”</subfield>
  </datafield>
  <datafield tag="540" ind1=" " ind2=" ">
    <subfield code="q">DE-206</subfield>
    <subfield code="a">Namensnennung 4.0 International</subfield>
    <subfield code="f">CC BY 4.0</subfield>
    <subfield code="2">cc</subfield>
    <subfield code="u">https://creativecommons.org/licenses/by/4.0/</subfield>
  </datafield>
  <datafield tag="546" ind1=" " ind2=" ">
    <subfield code="a">English</subfield>
  </datafield>
  <datafield tag="650" ind1=" " ind2="4">
    <subfield code="a">Agriculture</subfield>
  </datafield>
  <datafield tag="650" ind1=" " ind2="4">
    <subfield code="a">Innovation/Technology Management</subfield>
  </datafield>
  <datafield tag="650" ind1=" " ind2="4">
    <subfield code="a">Business and Management</subfield>
  </datafield>
  <datafield tag="650" ind1=" " ind2="4">
    <subfield code="a">value creation</subfield>
  </datafield>
  <datafield tag="650" ind1=" " ind2="4">
    <subfield code="a">business model</subfield>
  </datafield>
  <datafield tag="650" ind1=" " ind2="4">
    <subfield code="a">agricultural innovation</subfield>
  </datafield>
  <datafield tag="650" ind1=" " ind2="4">
    <subfield code="a">open innovation</subfield>
  </datafield>
  <datafield tag="650" ind1=" " ind2="4">
    <subfield code="a">design thinking</subfield>
  </datafield>
  <datafield tag="650" ind1=" " ind2="4">
    <subfield code="a">Agricultural science</subfield>
  </datafield>
  <datafield tag="650" ind1=" " ind2="4">
    <subfield code="a">Research &amp; development management</subfield>
  </datafield>
  <datafield tag="650" ind1=" " ind2="4">
    <subfield code="a">Industrial applications of scientific research &amp; technological innovation</subfield>
  </datafield>
  <datafield tag="650" ind1=" " ind2="4">
    <subfield code="a">Agricultural science</subfield>
  </datafield>
  <datafield tag="650" ind1=" " ind2="4">
    <subfield code="a">Research &amp; development management</subfield>
  </datafield>
  <datafield tag="655" ind1=" " ind2="7">
    <subfield code="a">Aufsatzsammlung</subfield>
    <subfield code="0">(DE-588)4143413-4</subfield>
    <subfield code="0">(DE-627)105605727</subfield>
    <subfield code="0">(DE-576)209726091</subfield>
    <subfield code="2">gnd-content</subfield>
  </datafield>
  <datafield tag="700" ind1="1" ind2=" ">
    <subfield code="a">Campos, Hugo</subfield>
    <subfield code="e">HerausgeberIn</subfield>
    <subfield code="0">(DE-588)1279233680</subfield>
    <subfield code="0">(DE-627)1832516326</subfield>
    <subfield code="4">edt</subfield>
  </datafield>
  <datafield tag="776" ind1="1" ind2=" ">
    <subfield code="z"> 9783030509903</subfield>
  </datafield>
  <datafield tag="856" ind1="4" ind2="0">
    <subfield code="u">https://directory.doabooks.org/handle/20.500.12854/31282</subfield>
    <subfield code="m">X:DOAB</subfield>
    <subfield code="x">Verlag</subfield>
    <subfield code="z">kostenfrei</subfield>
  </datafield>
  <datafield tag="856" ind1="4" ind2="0">
    <subfield code="u">https://library.oapen.org/bitstream/handle/20.500.12657/42578/2021_Book_TheInnovationRevolutionInAgric.pdf</subfield>
    <subfield code="x">Verlag</subfield>
    <subfield code="z">kostenfrei</subfield>
  </datafield>
  <datafield tag="912" ind1=" " ind2=" ">
    <subfield code="a">ZDB-94-OAB</subfield>
  </datafield>
  <datafield tag="951" ind1=" " ind2=" ">
    <subfield code="a">BO</subfield>
  </datafield>
  <datafield tag="980" ind1=" " ind2=" ">
    <subfield code="2">26</subfield>
    <subfield code="1">01</subfield>
    <subfield code="x">0206</subfield>
    <subfield code="b">4245885351</subfield>
    <subfield code="f">K:</subfield>
    <subfield code="d">ZSM</subfield>
    <subfield code="h">DA:ras</subfield>
    <subfield code="y">z1k</subfield>
    <subfield code="z">11-01-23</subfield>
  </datafield>
  <datafield tag="981" ind1=" " ind2=" ">
    <subfield code="2">26</subfield>
    <subfield code="1">01</subfield>
    <subfield code="x">0206</subfield>
    <subfield code="y">Zugriff nur an Arbeitsplätzen in der ZBW</subfield>
    <subfield code="y">ZZ</subfield>
    <subfield code="r">https://hdl.handle.net/11159/12865</subfield>
  </datafield>
  <datafield tag="995" ind1=" " ind2=" ">
    <subfield code="2">26</subfield>
    <subfield code="1">01</subfield>
    <subfield code="x">0206</subfield>
    <subfield code="a">DA:ras</subfield>
  </datafield>
</record>