
<?xml version="1.0" encoding="UTF-8"?>
<record xmlns="http://www.loc.gov/MARC21/slim">
  <leader>     cam a22        4500</leader>
  <controlfield tag="001">1778418880</controlfield>
  <controlfield tag="003">DE-627</controlfield>
  <controlfield tag="005">20230119141928.0</controlfield>
  <controlfield tag="007">cr uuu---uuuuu</controlfield>
  <controlfield tag="008">211123s2021    sz |||||o     00| ||eng c</controlfield>
  <datafield tag="020" ind1=" " ind2=" ">
    <subfield code="a">9783030648572</subfield>
    <subfield code="9">978-3-030-64857-2</subfield>
  </datafield>
  <datafield tag="024" ind1="7" ind2=" ">
    <subfield code="a">20.500.12854/67924</subfield>
    <subfield code="2">hdl</subfield>
  </datafield>
  <datafield tag="035" ind1=" " ind2=" ">
    <subfield code="a">(DE-627)1778418880</subfield>
  </datafield>
  <datafield tag="035" ind1=" " ind2=" ">
    <subfield code="a">(DE-599)KEP06975554X</subfield>
  </datafield>
  <datafield tag="035" ind1=" " ind2=" ">
    <subfield code="a">(DOAB)67924</subfield>
  </datafield>
  <datafield tag="035" ind1=" " ind2=" ">
    <subfield code="a">(EBP)06975554X</subfield>
  </datafield>
  <datafield tag="040" ind1=" " ind2=" ">
    <subfield code="a">DE-627</subfield>
    <subfield code="b">ger</subfield>
    <subfield code="c">DE-627</subfield>
    <subfield code="e">rakwb</subfield>
  </datafield>
  <datafield tag="041" ind1=" " ind2=" ">
    <subfield code="a">eng</subfield>
  </datafield>
  <datafield tag="044" ind1=" " ind2=" ">
    <subfield code="c">XA-CH</subfield>
  </datafield>
  <datafield tag="084" ind1=" " ind2=" ">
    <subfield code="a">KCP</subfield>
    <subfield code="2">bicssc</subfield>
  </datafield>
  <datafield tag="084" ind1=" " ind2=" ">
    <subfield code="a">JHBL</subfield>
    <subfield code="2">bicssc</subfield>
  </datafield>
  <datafield tag="084" ind1=" " ind2=" ">
    <subfield code="a">KFFD1</subfield>
    <subfield code="2">bicssc</subfield>
  </datafield>
  <datafield tag="245" ind1="1" ind2="0">
    <subfield code="a">Taxation, international cooperation and the 2030 Sustainable Development Agenda</subfield>
    <subfield code="c">Irma Johanna Mosquera Valderrama, Dries Lesage, Wouter Lips, editors</subfield>
  </datafield>
  <datafield tag="264" ind1=" " ind2="1">
    <subfield code="a">Cham, Switzerland</subfield>
    <subfield code="b">Springer Nature</subfield>
    <subfield code="c">2021</subfield>
  </datafield>
  <datafield tag="300" ind1=" " ind2=" ">
    <subfield code="a">1 Online-Ressource (225 Seiten)</subfield>
    <subfield code="b">Illustrationen</subfield>
  </datafield>
  <datafield tag="336" ind1=" " ind2=" ">
    <subfield code="a">Text</subfield>
    <subfield code="b">txt</subfield>
    <subfield code="2">rdacontent</subfield>
  </datafield>
  <datafield tag="337" ind1=" " ind2=" ">
    <subfield code="a">Computermedien</subfield>
    <subfield code="b">c</subfield>
    <subfield code="2">rdamedia</subfield>
  </datafield>
  <datafield tag="338" ind1=" " ind2=" ">
    <subfield code="a">Online-Ressource</subfield>
    <subfield code="b">cr</subfield>
    <subfield code="2">rdacarrier</subfield>
  </datafield>
  <datafield tag="490" ind1="0" ind2=" ">
    <subfield code="a">United Nations university series on regionalism</subfield>
    <subfield code="v">volume 19</subfield>
  </datafield>
  <datafield tag="506" ind1="0" ind2=" ">
    <subfield code="a">Open Access</subfield>
    <subfield code="f">Unrestricted online access</subfield>
    <subfield code="2">star</subfield>
  </datafield>
  <datafield tag="520" ind1=" " ind2=" ">
    <subfield code="a">This open access volume addresses the link between international taxation, the 2030 Sustainable Development Agenda and the medium-term revenue strategy concept. It also analyses how countries and governments can reinforce this link in current and future initiatives in international taxation, including the base erosion profit shifting project initiated by the Organization for Economic Co-operation and Development with the political mandate of the G20. It discusses the 2030 Sustainable Development Agenda that are relevant for taxation and assesses the current work done by international organizations, regional tax organizations and countries to achieve these Sustainable Development Goals. The contributions to this volume provide an interdisciplinary mix of expertise in tax law, international political economy, global governance and international relations. Through these different perspectives, this volume provides an elaborate reference and evaluation framework for multilateral cooperation on tax and development to strengthen the revenue system of developed and developing countries. This topical volume is of interest to students and researchers of the social sciences, law and economics, as well as policy makers working on taxation</subfield>
  </datafield>
  <datafield tag="540" ind1=" " ind2=" ">
    <subfield code="a">Creative Commons</subfield>
    <subfield code="f">https://creativecommons.org/licenses/by/4.0</subfield>
    <subfield code="2">cc</subfield>
  </datafield>
  <datafield tag="546" ind1=" " ind2=" ">
    <subfield code="a">English</subfield>
  </datafield>
  <datafield tag="650" ind1=" " ind2="7">
    <subfield code="8">1.1\x</subfield>
    <subfield code="a">Internationales Steuerrecht</subfield>
    <subfield code="0">(DE-627)091368715</subfield>
    <subfield code="0">(DE-2867)10829-1</subfield>
    <subfield code="2">stw</subfield>
  </datafield>
  <datafield tag="650" ind1=" " ind2="7">
    <subfield code="8">1.2\x</subfield>
    <subfield code="a">Doppelbesteuerung</subfield>
    <subfield code="0">(DE-627)091355303</subfield>
    <subfield code="0">(DE-2867)10828-3</subfield>
    <subfield code="2">stw</subfield>
  </datafield>
  <datafield tag="650" ind1=" " ind2="7">
    <subfield code="8">1.3\x</subfield>
    <subfield code="a">Steuerpolitik</subfield>
    <subfield code="0">(DE-627)091392497</subfield>
    <subfield code="0">(DE-2867)11704-2</subfield>
    <subfield code="2">stw</subfield>
  </datafield>
  <datafield tag="650" ind1=" " ind2="7">
    <subfield code="8">1.4\x</subfield>
    <subfield code="a">Sustainable Development Goals</subfield>
    <subfield code="0">(DE-627)1682218457</subfield>
    <subfield code="0">(DE-2867)30189-6</subfield>
    <subfield code="2">stw</subfield>
  </datafield>
  <datafield tag="650" ind1=" " ind2="7">
    <subfield code="8">1.5\x</subfield>
    <subfield code="a">Internationale Zusammenarbeit</subfield>
    <subfield code="0">(DE-627)091368510</subfield>
    <subfield code="0">(DE-2867)19708-3</subfield>
    <subfield code="2">stw</subfield>
  </datafield>
  <datafield tag="650" ind1=" " ind2="7">
    <subfield code="8">1.6\x</subfield>
    <subfield code="a">Nachhaltige Entwicklung</subfield>
    <subfield code="0">(DE-627)091379121</subfield>
    <subfield code="0">(DE-2867)18325-3</subfield>
    <subfield code="2">stw</subfield>
  </datafield>
  <datafield tag="650" ind1=" " ind2="7">
    <subfield code="8">1.7\x</subfield>
    <subfield code="a">Theorie</subfield>
    <subfield code="0">(DE-627)091394902</subfield>
    <subfield code="0">(DE-2867)19073-6</subfield>
    <subfield code="2">stw</subfield>
  </datafield>
  <datafield tag="650" ind1=" " ind2="7">
    <subfield code="8">1.8\x</subfield>
    <subfield code="a">Welt</subfield>
    <subfield code="0">(DE-627)09140004X</subfield>
    <subfield code="0">(DE-2867)16809-5</subfield>
    <subfield code="2">stw</subfield>
  </datafield>
  <datafield tag="650" ind1=" " ind2="4">
    <subfield code="a">International Political Economy</subfield>
  </datafield>
  <datafield tag="650" ind1=" " ind2="4">
    <subfield code="a">Organizational Studies</subfield>
  </datafield>
  <datafield tag="650" ind1=" " ind2="4">
    <subfield code="a">Economic Sociology</subfield>
  </datafield>
  <datafield tag="650" ind1=" " ind2="4">
    <subfield code="a">Business Taxation/Tax Law</subfield>
  </datafield>
  <datafield tag="650" ind1=" " ind2="4">
    <subfield code="a">International Relations</subfield>
  </datafield>
  <datafield tag="650" ind1=" " ind2="4">
    <subfield code="a">Economic Sociology</subfield>
  </datafield>
  <datafield tag="650" ind1=" " ind2="4">
    <subfield code="a">Business and Management</subfield>
  </datafield>
  <datafield tag="650" ind1=" " ind2="4">
    <subfield code="a">Global Governance Architecture</subfield>
  </datafield>
  <datafield tag="650" ind1=" " ind2="4">
    <subfield code="a">Global Tax Governance</subfield>
  </datafield>
  <datafield tag="650" ind1=" " ind2="4">
    <subfield code="a">Harmful Tax Practices</subfield>
  </datafield>
  <datafield tag="650" ind1=" " ind2="4">
    <subfield code="a">International Tax Policy</subfield>
  </datafield>
  <datafield tag="650" ind1=" " ind2="4">
    <subfield code="a">OECD Tax Initiatives</subfield>
  </datafield>
  <datafield tag="650" ind1=" " ind2="4">
    <subfield code="a">Medium Term Revenue Strategies</subfield>
  </datafield>
  <datafield tag="650" ind1=" " ind2="4">
    <subfield code="a">Sustainable Development</subfield>
  </datafield>
  <datafield tag="650" ind1=" " ind2="4">
    <subfield code="a">Tax and Development</subfield>
  </datafield>
  <datafield tag="650" ind1=" " ind2="4">
    <subfield code="a">Tax Systems Sustainability</subfield>
  </datafield>
  <datafield tag="650" ind1=" " ind2="4">
    <subfield code="a">Political economy</subfield>
  </datafield>
  <datafield tag="650" ind1=" " ind2="4">
    <subfield code="a">Sociology: work &amp; labour</subfield>
  </datafield>
  <datafield tag="650" ind1=" " ind2="4">
    <subfield code="a">Public finance &amp; taxation</subfield>
  </datafield>
  <datafield tag="650" ind1=" " ind2="4">
    <subfield code="a">Political economy</subfield>
  </datafield>
  <datafield tag="650" ind1=" " ind2="4">
    <subfield code="a">Sociology: work &amp; labour</subfield>
  </datafield>
  <datafield tag="650" ind1=" " ind2="4">
    <subfield code="a">Taxation</subfield>
  </datafield>
  <datafield tag="655" ind1=" " ind2="7">
    <subfield code="a">Aufsatzsammlung</subfield>
    <subfield code="0">(DE-588)4143413-4</subfield>
    <subfield code="0">(DE-627)105605727</subfield>
    <subfield code="0">(DE-576)209726091</subfield>
    <subfield code="2">gnd-content</subfield>
  </datafield>
  <datafield tag="700" ind1="1" ind2=" ">
    <subfield code="a">Mosquera Valderrama, Irma Johanna</subfield>
    <subfield code="e">HerausgeberIn</subfield>
    <subfield code="0">(DE-588)1230839089</subfield>
    <subfield code="0">(DE-627)1753209420</subfield>
    <subfield code="4">edt</subfield>
  </datafield>
  <datafield tag="700" ind1="1" ind2=" ">
    <subfield code="a">Lesage, Dries</subfield>
    <subfield code="e">HerausgeberIn</subfield>
    <subfield code="0">(DE-588)107205664X</subfield>
    <subfield code="0">(DE-627)826819524</subfield>
    <subfield code="0">(DE-576)433515465</subfield>
    <subfield code="4">edt</subfield>
  </datafield>
  <datafield tag="700" ind1="1" ind2=" ">
    <subfield code="a">Lips, Wouter</subfield>
    <subfield code="e">HerausgeberIn</subfield>
    <subfield code="0">(DE-588)1223881962</subfield>
    <subfield code="0">(DE-627)1743376642</subfield>
    <subfield code="4">edt</subfield>
  </datafield>
  <datafield tag="776" ind1="1" ind2=" ">
    <subfield code="z"> 9783030648565</subfield>
  </datafield>
  <datafield tag="776" ind1="0" ind2="8">
    <subfield code="i">Erscheint auch als</subfield>
    <subfield code="n">Druck-Ausgabe</subfield>
    <subfield code="t">Taxation, international cooperation and the 2030 Sustainable Development Agenda</subfield>
    <subfield code="d">Cham : Springer International Publishing, 2021</subfield>
    <subfield code="h">xiv, 225 Seiten</subfield>
    <subfield code="w">(DE-627)1753207908</subfield>
  </datafield>
  <datafield tag="856" ind1="4" ind2="0">
    <subfield code="u">https://directory.doabooks.org/handle/20.500.12854/67924</subfield>
    <subfield code="m">X:DOAB</subfield>
    <subfield code="x">Verlag</subfield>
    <subfield code="z">kostenfrei</subfield>
  </datafield>
  <datafield tag="856" ind1="4" ind2="0">
    <subfield code="u">https://library.oapen.org/bitstream/handle/20.500.12657/48224/9783030648572.pdf</subfield>
    <subfield code="x">Verlag</subfield>
    <subfield code="z">kostenfrei</subfield>
  </datafield>
  <datafield tag="912" ind1=" " ind2=" ">
    <subfield code="a">ZDB-94-OAB</subfield>
  </datafield>
  <datafield tag="951" ind1=" " ind2=" ">
    <subfield code="a">BO</subfield>
  </datafield>
  <datafield tag="980" ind1=" " ind2=" ">
    <subfield code="2">26</subfield>
    <subfield code="1">01</subfield>
    <subfield code="x">0206</subfield>
    <subfield code="b">4245986379</subfield>
    <subfield code="f">K:</subfield>
    <subfield code="d">ZSM</subfield>
    <subfield code="h">DA:ras</subfield>
    <subfield code="y">z1k</subfield>
    <subfield code="z">11-01-23</subfield>
  </datafield>
  <datafield tag="981" ind1=" " ind2=" ">
    <subfield code="2">26</subfield>
    <subfield code="1">01</subfield>
    <subfield code="x">0206</subfield>
    <subfield code="y">Zugriff nur an Arbeitsplätzen in der ZBW</subfield>
    <subfield code="y">ZZ</subfield>
    <subfield code="r">https://hdl.handle.net/11159/12859</subfield>
  </datafield>
  <datafield tag="995" ind1=" " ind2=" ">
    <subfield code="2">26</subfield>
    <subfield code="1">01</subfield>
    <subfield code="x">0206</subfield>
    <subfield code="a">DA:ras</subfield>
  </datafield>
</record>