
<?xml version="1.0" encoding="UTF-8"?>
<record xmlns="http://www.loc.gov/MARC21/slim">
  <leader>     cam a22        4500</leader>
  <controlfield tag="001">1778467407</controlfield>
  <controlfield tag="003">DE-627</controlfield>
  <controlfield tag="005">20230106091212.0</controlfield>
  <controlfield tag="007">cr uuu---uuuuu</controlfield>
  <controlfield tag="008">211123s2020    gw |||||o     00| ||ger c</controlfield>
  <datafield tag="020" ind1=" " ind2=" ">
    <subfield code="a">9783839451809</subfield>
    <subfield code="9">978-3-8394-5180-9</subfield>
  </datafield>
  <datafield tag="024" ind1="7" ind2=" ">
    <subfield code="a">20.500.12854/28898</subfield>
    <subfield code="2">hdl</subfield>
  </datafield>
  <datafield tag="035" ind1=" " ind2=" ">
    <subfield code="a">(DE-627)1778467407</subfield>
  </datafield>
  <datafield tag="035" ind1=" " ind2=" ">
    <subfield code="a">(DE-599)KEP069434182</subfield>
  </datafield>
  <datafield tag="035" ind1=" " ind2=" ">
    <subfield code="a">(DOAB)28898</subfield>
  </datafield>
  <datafield tag="035" ind1=" " ind2=" ">
    <subfield code="a">(EBP)069434182</subfield>
  </datafield>
  <datafield tag="040" ind1=" " ind2=" ">
    <subfield code="a">DE-627</subfield>
    <subfield code="b">ger</subfield>
    <subfield code="c">DE-627</subfield>
    <subfield code="e">rakwb</subfield>
  </datafield>
  <datafield tag="041" ind1=" " ind2=" ">
    <subfield code="a">ger</subfield>
  </datafield>
  <datafield tag="044" ind1=" " ind2=" ">
    <subfield code="c">XA-DE</subfield>
  </datafield>
  <datafield tag="084" ind1=" " ind2=" ">
    <subfield code="a">KCN</subfield>
    <subfield code="2">bicssc</subfield>
  </datafield>
  <datafield tag="245" ind1="1" ind2="0">
    <subfield code="a">Postwachstumsgeographien</subfield>
    <subfield code="b">Raumbezüge diverser und alternativer Ökonomien</subfield>
    <subfield code="c">Bastian Lange, Martina Hülz, Benedikt Schmid, Christian Schulz (Hg.)</subfield>
  </datafield>
  <datafield tag="264" ind1=" " ind2="1">
    <subfield code="a">Bielefeld</subfield>
    <subfield code="b">transcript Verlag</subfield>
    <subfield code="c">2020</subfield>
  </datafield>
  <datafield tag="300" ind1=" " ind2=" ">
    <subfield code="a">1 Online-Ressource (456 Seiten)</subfield>
    <subfield code="b">Illustrationen</subfield>
  </datafield>
  <datafield tag="336" ind1=" " ind2=" ">
    <subfield code="a">Text</subfield>
    <subfield code="b">txt</subfield>
    <subfield code="2">rdacontent</subfield>
  </datafield>
  <datafield tag="337" ind1=" " ind2=" ">
    <subfield code="a">Computermedien</subfield>
    <subfield code="b">c</subfield>
    <subfield code="2">rdamedia</subfield>
  </datafield>
  <datafield tag="338" ind1=" " ind2=" ">
    <subfield code="a">Online-Ressource</subfield>
    <subfield code="b">cr</subfield>
    <subfield code="2">rdacarrier</subfield>
  </datafield>
  <datafield tag="490" ind1="0" ind2=" ">
    <subfield code="a">Sozial- und Kulturgeographie</subfield>
    <subfield code="v">Band 38</subfield>
  </datafield>
  <datafield tag="506" ind1="0" ind2=" ">
    <subfield code="a">Open Access</subfield>
    <subfield code="f">Unrestricted online access</subfield>
    <subfield code="2">star</subfield>
  </datafield>
  <datafield tag="520" ind1=" " ind2=" ">
    <subfield code="a">Der Band &quot;Postwachstumsgeographien&quot; untersucht die Raumbezüge diverser und alternativer Ökonomien im Spannungsfeld von wachstumsorientierten Institutionen und multiplen sozialökologischen Krisen. Die Beiträge greifen diesen Ansatz erstmals umfassend auf und eröffnen mit konzeptionellen und empirischen Fachbeiträgen aus der Geographie und deren Nachbardisziplinen verschiedene Perspektiven auf die Möglichkeiten, Forderungen und Kritiken einer sozialökologischen Transformation. Aktuelle Diskussionen zu Postwachstumsökonomien werden aus geographischer Sicht präzisiert und mit Fallstudien und Interviews aus Zivilgesellschaft, Planung und Politik ergänzt.</subfield>
  </datafield>
  <datafield tag="540" ind1=" " ind2=" ">
    <subfield code="q">DE-206</subfield>
    <subfield code="a">Namensnennung 4.0 International</subfield>
    <subfield code="f">CC BY 4.0</subfield>
    <subfield code="2">cc</subfield>
    <subfield code="u">https://creativecommons.org/licenses/by/4.0/</subfield>
  </datafield>
  <datafield tag="546" ind1=" " ind2=" ">
    <subfield code="a">German</subfield>
  </datafield>
  <datafield tag="650" ind1=" " ind2="4">
    <subfield code="a">Postwachstum</subfield>
  </datafield>
  <datafield tag="650" ind1=" " ind2="4">
    <subfield code="a">Transformation</subfield>
  </datafield>
  <datafield tag="650" ind1=" " ind2="4">
    <subfield code="a">Postwachstumsökonomie</subfield>
  </datafield>
  <datafield tag="650" ind1=" " ind2="4">
    <subfield code="a">Postwachstumsplanung</subfield>
  </datafield>
  <datafield tag="650" ind1=" " ind2="4">
    <subfield code="a">Nachhaltigkeitstransition</subfield>
  </datafield>
  <datafield tag="650" ind1=" " ind2="4">
    <subfield code="a">Suffizienz</subfield>
  </datafield>
  <datafield tag="650" ind1=" " ind2="4">
    <subfield code="a">Transitionsräume</subfield>
  </datafield>
  <datafield tag="650" ind1=" " ind2="4">
    <subfield code="a">Nische</subfield>
  </datafield>
  <datafield tag="650" ind1=" " ind2="4">
    <subfield code="a">Netzwerk</subfield>
  </datafield>
  <datafield tag="650" ind1=" " ind2="4">
    <subfield code="a">Raum</subfield>
  </datafield>
  <datafield tag="650" ind1=" " ind2="4">
    <subfield code="a">Ökonomie</subfield>
  </datafield>
  <datafield tag="650" ind1=" " ind2="4">
    <subfield code="a">Aktivismus</subfield>
  </datafield>
  <datafield tag="650" ind1=" " ind2="4">
    <subfield code="a">Politik</subfield>
  </datafield>
  <datafield tag="650" ind1=" " ind2="4">
    <subfield code="a">Zivilgesellschaft</subfield>
  </datafield>
  <datafield tag="650" ind1=" " ind2="4">
    <subfield code="a">Krise</subfield>
  </datafield>
  <datafield tag="650" ind1=" " ind2="4">
    <subfield code="a">Wirtschaft</subfield>
  </datafield>
  <datafield tag="650" ind1=" " ind2="4">
    <subfield code="a">Stadt</subfield>
  </datafield>
  <datafield tag="650" ind1=" " ind2="4">
    <subfield code="a">Sozialgeographie</subfield>
  </datafield>
  <datafield tag="650" ind1=" " ind2="4">
    <subfield code="a">Stadtplanung</subfield>
  </datafield>
  <datafield tag="650" ind1=" " ind2="4">
    <subfield code="a">Wirtschaftssoziologie</subfield>
  </datafield>
  <datafield tag="650" ind1=" " ind2="4">
    <subfield code="a">Geographie</subfield>
  </datafield>
  <datafield tag="650" ind1=" " ind2="4">
    <subfield code="a">Post-growth</subfield>
  </datafield>
  <datafield tag="650" ind1=" " ind2="4">
    <subfield code="a">Post-growth Economy</subfield>
  </datafield>
  <datafield tag="650" ind1=" " ind2="4">
    <subfield code="a">Post Growth Planning</subfield>
  </datafield>
  <datafield tag="650" ind1=" " ind2="4">
    <subfield code="a">Sufficiently</subfield>
  </datafield>
  <datafield tag="650" ind1=" " ind2="4">
    <subfield code="a">Transition Rooms</subfield>
  </datafield>
  <datafield tag="650" ind1=" " ind2="4">
    <subfield code="a">Niche</subfield>
  </datafield>
  <datafield tag="650" ind1=" " ind2="4">
    <subfield code="a">Network</subfield>
  </datafield>
  <datafield tag="650" ind1=" " ind2="4">
    <subfield code="a">Space</subfield>
  </datafield>
  <datafield tag="650" ind1=" " ind2="4">
    <subfield code="a">Economy</subfield>
  </datafield>
  <datafield tag="650" ind1=" " ind2="4">
    <subfield code="a">Activism</subfield>
  </datafield>
  <datafield tag="650" ind1=" " ind2="4">
    <subfield code="a">Politics</subfield>
  </datafield>
  <datafield tag="650" ind1=" " ind2="4">
    <subfield code="a">Civil Society</subfield>
  </datafield>
  <datafield tag="650" ind1=" " ind2="4">
    <subfield code="a">Crisis</subfield>
  </datafield>
  <datafield tag="650" ind1=" " ind2="4">
    <subfield code="a">City</subfield>
  </datafield>
  <datafield tag="650" ind1=" " ind2="4">
    <subfield code="a">Social Geography</subfield>
  </datafield>
  <datafield tag="650" ind1=" " ind2="4">
    <subfield code="a">Urban Planning</subfield>
  </datafield>
  <datafield tag="650" ind1=" " ind2="4">
    <subfield code="a">Economic Sociology</subfield>
  </datafield>
  <datafield tag="650" ind1=" " ind2="4">
    <subfield code="a">Geography</subfield>
  </datafield>
  <datafield tag="650" ind1=" " ind2="4">
    <subfield code="a">Environmental economics</subfield>
  </datafield>
  <datafield tag="655" ind1=" " ind2="7">
    <subfield code="a">Aufsatzsammlung</subfield>
    <subfield code="0">(DE-588)4143413-4</subfield>
    <subfield code="0">(DE-627)105605727</subfield>
    <subfield code="0">(DE-576)209726091</subfield>
    <subfield code="2">gnd-content</subfield>
  </datafield>
  <datafield tag="700" ind1="1" ind2=" ">
    <subfield code="a">Lange, Bastian</subfield>
    <subfield code="d">1970-</subfield>
    <subfield code="e">HerausgeberIn</subfield>
    <subfield code="0">(DE-588)120554682</subfield>
    <subfield code="0">(DE-627)080744680</subfield>
    <subfield code="0">(DE-576)292275285</subfield>
    <subfield code="4">edt</subfield>
  </datafield>
  <datafield tag="700" ind1="1" ind2=" ">
    <subfield code="a">Hülz, Martina</subfield>
    <subfield code="d">1976-</subfield>
    <subfield code="e">HerausgeberIn</subfield>
    <subfield code="0">(DE-588)1118537556</subfield>
    <subfield code="0">(DE-627)872019713</subfield>
    <subfield code="4">edt</subfield>
  </datafield>
  <datafield tag="700" ind1="1" ind2=" ">
    <subfield code="a">Schmid, Benedikt</subfield>
    <subfield code="e">HerausgeberIn</subfield>
    <subfield code="0">(DE-588)1212516850</subfield>
    <subfield code="0">(DE-627)1702016137</subfield>
    <subfield code="4">edt</subfield>
  </datafield>
  <datafield tag="700" ind1="1" ind2=" ">
    <subfield code="a">Schulz, Christian</subfield>
    <subfield code="d">1967-</subfield>
    <subfield code="e">HerausgeberIn</subfield>
    <subfield code="0">(DE-588)174062834</subfield>
    <subfield code="0">(DE-627)698958527</subfield>
    <subfield code="0">(DE-576)134897390</subfield>
    <subfield code="4">edt</subfield>
  </datafield>
  <datafield tag="776" ind1="1" ind2=" ">
    <subfield code="z">9783837651805</subfield>
  </datafield>
  <datafield tag="856" ind1="4" ind2="0">
    <subfield code="u">https://directory.doabooks.org/handle/20.500.12854/28898</subfield>
    <subfield code="m">X:DOAB</subfield>
    <subfield code="x">Verlag</subfield>
    <subfield code="z">kostenfrei</subfield>
  </datafield>
  <datafield tag="856" ind1="4" ind2="0">
    <subfield code="u">https://library.oapen.org/bitstream/handle/20.500.12657/41193/9783839451809.pdf</subfield>
    <subfield code="x">Verlag</subfield>
    <subfield code="z">kostenfrei</subfield>
  </datafield>
  <datafield tag="912" ind1=" " ind2=" ">
    <subfield code="a">ZDB-94-OAB</subfield>
  </datafield>
  <datafield tag="951" ind1=" " ind2=" ">
    <subfield code="a">BO</subfield>
  </datafield>
  <datafield tag="980" ind1=" " ind2=" ">
    <subfield code="2">26</subfield>
    <subfield code="1">01</subfield>
    <subfield code="x">0206</subfield>
    <subfield code="b">4244386890</subfield>
    <subfield code="f">K:</subfield>
    <subfield code="d">ZSM</subfield>
    <subfield code="h">DA:ras</subfield>
    <subfield code="y">z1k</subfield>
    <subfield code="z">05-01-23</subfield>
  </datafield>
  <datafield tag="981" ind1=" " ind2=" ">
    <subfield code="2">26</subfield>
    <subfield code="1">01</subfield>
    <subfield code="x">0206</subfield>
    <subfield code="y">Zugriff nur an Arbeitsplätzen in der ZBW</subfield>
    <subfield code="y">ZZ</subfield>
    <subfield code="r">https://hdl.handle.net/11159/12886</subfield>
  </datafield>
  <datafield tag="995" ind1=" " ind2=" ">
    <subfield code="2">26</subfield>
    <subfield code="1">01</subfield>
    <subfield code="x">0206</subfield>
    <subfield code="a">DA:ras</subfield>
  </datafield>
</record>